3254 5140
547 602 675 661 664
908 610 1455 666 GARTULARIUM
1491 610 1901 662 ABBATHIAE
1937 610 2035 662 DE
2069 612 2447 664 WHITEBY.

545 774 724 840 Petri
753 775 939 839 Ebor.
973 781 1041 839 et
1070 775 1239 838 D’no
1269 794 1431 852 me0,
1462 775 1610 839 d’no
1643 774 2031 853 Alexandro,
2060 776 2142 840 D.
2169 776 2246 841 G.
2270 777 2460 841 Ebor.
2484 774 2834 858 Archiep’o

543 881 684 952 etc„
743 875 1011 959 ejusque
1069 875 1546 940 successoribus
1605 876 1915 940 canonice
1988 875 2403 954 intrantibus,
2477 895 2835 958 eorumque

547 973 926 1039 officialibus
957 980 1024 1038 et
1054 974 1385 1051 ministris,
1416 973 1487 1038 in
1531 974 1854 1038 mandatis
1898 973 2101 1039 licitis
2132 979 2199 1039 et
2243 975 2584 1039 canonicis.
2676 973 2744 1036 N
2746 993 2835 1036 on

546 1093 656 1138 ero
685 1073 758 1137 in
787 1073 1057 1138 consilio
1090 1093 1208 1137 nec
1239 1072 1309 1136 in
1341 1072 1514 1138 facto
1544 1080 1620 1137 ut
1650 1073 1989 1157 capiantur
2016 1073 2188 1137 mala
2217 1074 2531 1157 captione,
2560 1077 2628 1137 et
2657 1070 2829 1155 quod

549 1172 751 1238 michi
801 1193 916 1256 per
956 1171 1207 1237 litteras
1249 1171 1355 1237 vel
1397 1193 1514 1256 per
1559 1173 1867 1236 nuntium
1911 1172 2439 1249 manifestabunt,
2482 1171 2568 1236 ad
2612 1191 2833 1236 eorum

548 1271 907 1356 dampnum
949 1272 1196 1336 nemini
1240 1271 1541 1355 pandam,
1583 1271 1735 1354 jura
1785 1276 1852 1335 et
1901 1272 2234 1336 libertates
2287 1271 2595 1337 Ecclesiae
2642 1270 2832 1334 Ebor.

548 1371 806 1453 adjutor
833 1391 942 1436 ero
984 1370 1067 1435 ad
1097 1371 1574 1436 defendendum
1602 1378 1670 1436 et
1713 1370 2144 1448 retinendum,
2175 1371 2418 1437 Ordine
2447 1391 2591 1436 meo
2634 1369 2833 1434 salvo.

551 1471 658 1535 Sic
689 1472 871 1535 Deus
908 1490 1010 1535 me
1039 1470 1322 1555 adjuvet,
1353 1476 1420 1536 et
1463 1469 1600 1535 haec
1632 1470 1869 1536 Sancta
1897 1469 2269 1556 Evangelia,
2299 1476 2367 1536 et
2409 1471 2531 1535 hoc
2574 1468 2838 1553 propria

551 1589 753 1634 manu
783 1570 1132 1636 subscribo,

1267 1742 1516 1809 DCXL
1562 1742 1870 1826 (Nevine,
1899 1742 1941 1808 f.
1972 1741 2137 1825 401³.)

643 1877 727 1941 In
755 1875 885 1941 Dei
913 1877 1177 1942 nomine
1206 1877 1440 1944 Amen.
1530 1879 1804 1943 Dudum
1845 1879 2107 1945 Clerum
2138 1885 2205 1943 et
2234 1877 2551 1963 populum
2595 1884 2836 1942 nostrae

554 1975 737 2041 Dioc.
770 1997 853 2041 ex
882 1975 1076 2041 officii
1120 1977 1327 2041 nostri
1371 1977 1590 2042 debito
1630 1978 1990 2055 visitanteS,
2034 1978 2207 2042 inter
2249 1982 2482 2042 caetera
2522 1978 2837 2061 comperi-

554 2097 701 2141 mus
749 2076 1084 2142 evidenter
1129 2076 1304 2160 quod
1345 2077 1658 2162 Religiosi
1687 2077 1832 2155 viri,
1860 2077 2084 2141 Abbas
2129 2081 2197 2141 et
2249 2077 2446 2142 GonV.
2477 2077 2709 2141 Mon’ii
2754 2076 2837 2140 de

554 2174 887 2259 Whiteby‚
968 2174 1258 2259 ejusdem
1331 2181 1570 2240 nostrae
1642 2176 1845 2253 Dioc.,
1904 2175 2210 2241 ecclesias
2282 2175 2681 2260 parochiales
2755 2175 2839 2239 de

556 2276 795 2353 Semar,
813 2275 1175 2352 Hakaness,
1192 2274 1523 2360 Whiteby‚
1542 2275 1722 2340 Aton
1738 2276 1810 2340 in
1829 2274 2189 2352 Cliveland,
2209 2268 2503 2360 Ing'elby,
2521 2274 2839 2340 Middles·

555 2375 782 2460 burgh,
812 2395 962 2439 cum
992 2375 1258 2458 capellis
1288 2375 1805 2458 dependentibus
1845 2375 1926 2439 ab
1957 2375 2218 2453 eisdem,
2248 2375 2319 2439 in
2347 2375 2640 2459 proprios
2677 2395 2838 2440 usus

556 2481 782 2538 contra
824 2474 934 2557 jus
986 2493 1329 2538 commune
1380 2493 1448 2538 se
1497 2472 1733 2538 habere
1784 2474 2214 2557 praetendunt,
2262 2474 2588 2557 portiones
2638 2473 2838 2537 etiam

557 2572 868 2656 quasdam
915 2573 1256 2657 garbarum
1315 2572 1731 2638 decimalium
1778 2574 1851 2637 in
1898 2574 2188 2639 ecclesiis
2240 2575 2320 2638 de
2373 2574 2714 2638 Nafferton
2772 2581 2840 2638 et

558 2669 894 2749 Foxholes,
941 2690 1195 2736 necnon
1242 2673 1585 2755 pensiones
1627 2672 2071 2757 infrascripta-s
2093 2671 2387 2737 :—videl.
2433 2672 2513 2737 de
2566 2672 2840 2738 ecclesia

558 2769 638 2833 de
698 2769 923 2832 Hoton
981 2768 1286 2834 Busshell
1327 2770 1400 2833 xl
1417 2791 1485 2847 s.,
1536 2772 1616 2836 de
1665 2771 1818 2838 eccl.
1848 2772 1929 2836 de
1979 2773 2219 2837 Sutton
2276 2792 2472 2856 super
2528 2772 2841 2837 Derwent

557 2971 836 3051 tyngton
882 2965 1069 3031 xiiia.
1106 2967 1206 3031 iiii
1225 2968 1303 3045 d.,
1332 2968 1415 3032 de
1458 2969 1609 3034 eccl.
1655 2970 1737 3034 de
1778 2968 2078 3053 Kirkeby
2122 2970 2193 3033 in
2238 2968 2583 3034 Cliveland
2628 2968 2771 3033 lxvi
2789 2990 2840 3035 s.

559 3067 678 3131 viii
696 3068 775 3143 d„
805 3067 887 3131 de
916 3067 1066 3132 eccl.
1101 3068 1181 3133 de
1213 3067 1621 3152 Skirpenbek
1668 3116 1682 3132 .
1729 3116 1744 3131 .
1791 3118 1806 3133 .
1851 3069 1932 3133 de
1969 3069 2142 3133 facto
2173 3068 2498 3154 recipiunt
2526 3069 2744 3133 firmas
2774 3078 2843 3132 et

559 3167 852 3232 redditus
925 3174 993 3231 et
1056 3172 1410 3251 proventus
1481 3167 1562 3231 de
1619 3167 1948 3251 praedictis
2008 3168 2297 3233 ecclesiis
2370 3169 2841 3253 provenientes

561 3287 815 3331 necnon
886 3265 1217 3351 portiones
1276 3272 1343 3331 et
1399 3267 1742 3350 pensiones
1817 3267 2288 3352 suprascriptas
2345 3267 2415 3330 in
2474 3288 2633 3332 usus
2690 3288 2842 3332 suos

561 3370 968 3442 convertunt,
1017 3371 1444 3450 perceperunt
1493 3372 1561 3430 et
1611 3366 1684 3429 in
1733 3387 1892 3430 usus
1946 3367 2318 3451 hujusmodi
2366 3374 2843 3443 converterunt,

562 3486 679 3550 per
765 3486 899 3529 non
986 3464 1238 3529 modica
1318 3472 1607 3548 tempora
1689 3471 2023 3543 retroacta,
2104 3466 2407 3549 quodque
2489 3466 2561 3529 in
2649 3466 2841 3530 dictis

562 3563 850 3629 ecclesiis
906 3562 988 3626 de
1047 3562 1407 3640 HakeneSS,
1466 3563 1799 3648 Whiteby‚
1857 3565 2056 3641 Aton,
2101 3565 2385 3678 Ingelby
2445 3572 2513 3629 et
2569 3564 2842 3629 Midles-

563 3662 784 3775 burgh
847 3682 977 3725 non
1047 3667 1202 3726 sunt
1259 3662 1572 3727 ordinatae
1646 3664 1972 3748 portiones
2051 3664 2297 3741 vicarii,
2355 3684 2475 3729 nec
2547 3664 2845 3747 perpetui

561 3761 789 3826 vicarii
847 3759 1138 3824 instituti
1159 3762 1576 3826 .—Volentes
1624 3762 1825 3847 igitur
1880 3783 2078 3847 super
2127 3764 2274 3847 jure
2333 3763 2657 3827 dictorum
2717 3763 2843 3826 Re-

561 3861 952 3947 ligiosorum,
973 3860 1031 3924 si
1053 3861 1226 3944 quod
1249 3861 1527 3944 speciale
1547 3881 1666 3946 pro
1695 3882 1764 3927 se
1793 3862 1864 3925 in
1888 3862 2009 3927 hac
2028 3869 2211 3946 parte
2234 3862 2563 3938 haberent,
2584 3861 2846 3946 plenius

561 3959 913 4037 informari,
957 3959 1215 4025 eosdem
1244 3959 1600 4044 Religiosos
1646 3960 1727 4024 ad
1773 3966 2022 4025 certum
2066 3961 2238 4025 diem
2283 3966 2349 4025 et
2391 3960 2609 4025 locum
2651 3981 2831 4043 supe.
2851 4006 2866 4038 f

563 4060 911 4146 praemissis
964 4080 1178 4124 coram
1229 4059 1414 4123 nobis
1468 4060 1550 4124 ad
1592 4060 1917 4143 judicium
1967 4061 2241 4125 fecimus
2289 4061 2560 4138 evocari,
2604 4061 2843 4143 quibus

560 4183 777 4228 coram
806 4161 993 4226 nobis
1021 4179 1137 4245 per
1179 4165 1674 4243 procuratorem,
1703 4159 2131 4225 sufficientem
2169 4160 2240 4224 in
2268 4159 2389 4253 hac
2417 4167 2601 4244 parte
2628 4168 2844 4245 potes-

560 4267 766 4326 tatem
809 4260 1173 4337 habentem,
1202 4258 1286 4323 ad
1314 4259 1488 4324 diem
1517 4265 1585 4324 et
1613 4259 1831 4323 locum
1874 4259 1967 4324 eis
2010 4260 2369 4344 assignatos
2413 4260 2842 4344 comparenti-

561 4362 704 4436 bus,
761 4358 1202 4442 exhibitisque
1252 4379 1369 4443 per
1424 4366 1902 4443 procuratorem
1961 4359 2312 4423 eorundem
2370 4359 2841 4443 Religiosorum

561 4457 895 4523 nonnullis
953 4458 1191 4522 litteris
1250 4463 1387 4521 tam
1446 4457 1819 4541 apostolicis
1871 4477 2069 4540 quam
2131 4456 2537 4541 quorundam
2596 4457 2843 4541 praede-

561 4575 887 4622 sessorum
922 4563 1302 4634 nostrorum,
1338 4576 1413 4621 ac
1448 4557 1610 4621 alias
1648 4556 2087 4640 quorumlibet
2117 4555 2561 4629 munimentis.
2604 4556 2845 4640 quibus
