3254 5140
786 650 1332 703 CARTULARIUM
1371 651 1777 703 ABBATHIAE
1813 652 1914 703 DE
1949 651 2324 717 wfll'leBY.
2565 638 2686 696 393

415 811 607 876 dictis
652 814 986 879 monachis
1029 815 1100 878 in
1131 815 1260 892 lib„
1289 836 1429 900 pur.
1475 821 1543 879 et
1571 836 1751 900 perp.
1787 816 1987 893 elem„
2017 817 2146 895 lib„
2177 837 2303 900 qu„
2334 816 2602 899 pacifice
2633 819 2703 878 et

410 909 776 990 honorifice,
806 935 954 978 oum
1000 935 1166 978 omn.
1198 922 1355 999 pert.
1388 916 1525 980 suis
1571 924 1638 980 et
1683 917 2103 993 aisiamentis,
2132 917 2299 980 infra
2321 938 2377 979 v.
2411 922 2478 980 et
2507 922 2691 981 extra

411 1011 493 1075 ad
553 1013 795 1077 dietam
853 1017 1038 1079 t'ram
1095 1017 1585 1100 pertinentibus,
1647 1018 1851 1081 sicut1
1909 1018 2128 1101 aliqua
2187 1018 2367 1081 elem.
2422 1015 2691 1080 liberius

409 1118 624 1195 potest
681 1116 887 1181 teneri
946 1118 1027 1181 ab
1087 1118 1269 1182 omni
1325 1119 1609 1196 serviti0‚
1670 1118 2153 1195 consuetudine,
2213 1116 2547 1182 exactione
2623 1120 2690 1178 et

407 1212 726 1280 demanda
756 1217 1061 1282 saeculari.
1152 1218 1287 1303 Ego
1333 1239 1502 1296 vem,
1531 1220 1828 1297 Thomas»,
1858 1225 1926 1283 et
1961 1220 2182 1303 Agnes
2226 1237 2391 1280 uxor
2432 1234 2593 1290 mea,
2624 1221 2692 1277 et

409 1314 556 1377 haer.
607 1315 798 1380 dictae
841 1317 1118 1402 Agnetis
1163 1327 1231 1383 et
1275 1319 1557 1385 haeredes
1602 1320 1751 1397 mei,
1795 1320 2038 1384 dictam
2092 1317 2430 1381 dimidiam
2477 1335 2688 1380 acram

414 1414 566 1491 t'rae,
620 1436 767 1479 cum
829 1417 1099 1482 dimidio
1149 1419 1318 1483 tofto
1379 1426 1446 1484 et
1505 1440 1655 1485 cum
1715 1420 2014 1483 omnibus
2072 1425 2231 1503 pert.
2287 1417 2442 1493 suiS,
2495 1413 2686 1478 dictis

411 1516 742 1580 monachis
786 1516 855 1581 in
899 1518 1029 1596 lib„
1059 1539 1195 1602 pur.
1229 1525 1295 1583 et
1323 1540 1497 1604 perp.
1531 1521 1714 1584 elem.
1747 1527 1971 1584 contra
2001 1539 2052 1583 o.
2088 1519 2145 1582 h.
2179 1524 2245 1583 et
2276 1518 2314 1580 f.
2348 1537 2513 1592 war„
2543 1514 2685 1597 adq.

411 1622 478 1678 et
522 1615 642 1680 def.
689 1617 761 1680 in
803 1625 1200 1702 perpetuum.
1293 1621 1375 1683 In
1421 1621 1608 1703 cujus
1652 1620 1748 1684 rei
1792 1624 1934 1684 test.
1983 1618 2107 1682 hoc
2149 1639 2239 1701 pr.
2287 1638 2401 1682 scr.
2434 1614 2688 1700 apposi-

410 1715 586 1780 tione
647 1716 758 1801 sig.
814 1718 960 1794 mei,
1004 1739 1138 1782 una
1188 1740 1339 1783 cum
1391 1720 1502 1802 sig.
1556 1719 1830 1804 Agnetis
1882 1719 2102 1782 uxoris
2155 1738 2330 1794 meae,
2380 1714 2684 1779 roboravi.

411 1813 563 1878 Hiis
593 1815 886 1880 testibus,
977 1818 1223 1882 Thoma
1256 1818 1336 1883 de
1367 1818 1839 1904 Haukesgarth.
1918 1817 2248 1882 Willelmo
2274 1817 2353 1882 de
2376 1814 2686 1899 Everley:

411 1920 475 1976 et
505 1913 731 1978 multis
762 1915 921 1981 aliis.

1310 2054 1785 2119 CCCCXLIII.

500 2189 816 2253 Omnibus
862 2189 982 2254 hoc
1026 2210 1139 2255 scr.
1187 2191 1305 2257 vis,
1353 2192 1461 2256 vel
1503 2194 1647 2256 aud.
1691 2191 1921 2268 Alicia,
1966 2211 2111 2274 quae
2139 2191 2266 2254 fuit
2293 2211 2457 2254 uxor
2485 2210 2688 2273 quon·

411 2288 560 2352 dam
590 2290 853 2353 Ricardi
884 2290 1227 2355 BredJeder
1269 2291 1349 2355 de
1380 2292 1445 2354 N
1448 2292 1702 2367 euham,
1740 2291 1813 2354 in
1844 2292 2009 2354 D'no
2051 2290 2339 2355 salutem.
2418 2289 2691 2353 Noverit

413 2388 589 2452 univ,
619 2397 835 2453 vestra
878 2410 981 2454 me
1027 2411 1198 2455 eone.
1234 2399 1301 2455 et
1345 2412 1448 2476 qu.
1483 2391 1792 2455 clamasse
1839 2391 1918 2455 de
1948 2411 2052 2455 me
2097 2390 2169 2454 in
2212 2410 2388 2474 perp.
2436 2389 2578 2452 Deo
2624 2396 2691 2452 et

411 2489 578 2553 Eccl.
628 2489 687 2553 S.
736 2489 909 2554 Petri
955 2495 1021 2554 et
1065 2491 1125 2554 S.
1160 2491 1379 2555 Hildae
1423 2492 1515 2555 de
1548 2491 1844 2577 Whitby‚
1878 2497 1942 2556 et
1971 2512 2138 2555 mon.
2170 2491 2322 2555 ibid.
2355 2491 2496 2554 Deo
2528 2510 2687 2553 serv.

411 2595 622 2654 totum
659 2591 769 2674 jus
813 2592 988 2674 quod
1032 2592 1248 2669 habui,
1279 2592 1385 2656 vel
1414 2592 1651 2658 habere
1683 2594 1886 2676 potui,
1916 2593 1987 2655 in
2017 2592 2341 2677 aliquibus
2373 2592 2509 2656 t'ris
2539 2611 2688 2654 cum

411 2691 639 2775 pertin.
686 2691 946 2755 nomine
993 2692 1179 2768 dotis,
1222 2693 1294 2755 in
1339 2691 1641 2756 Neuham
1686 2713 1832 2776 quae
1886 2694 2149 2756 fuerunt
2179 2693 2310 2756 Rie.
2345 2690 2691 2756 Bredleder

411 2791 736 2873 quondam
779 2791 905 2854 viri
950 2791 1078 2855 mei
1121 2793 1193 2854 in
1237 2791 1460 2855 eadem
1503 2791 1682 2868 villa,
1709 2792 1805 2855 ita
1847 2792 2020 2875 quod
2050 2792 2119 2854 in
2150 2792 2344 2856 dictis
2374 2791 2508 2854 t’ris
2540 2811 2688 2854 cum

410 2896 568 2974 pert.
622 2891 701 2955 de
755 2898 981 2955 caetero
1034 2892 1296 2955 nomine
1351 2891 1519 2955 dotis
1566 2891 1821 2954 nullum
1861 2891 1969 2974 jus
2014 2891 2252 2956 habere
2291 2890 2398 2955 vel
2437 2890 2687 2974 exigere

411 2997 647 3073 potero.
738 2991 821 3053 In
866 2991 1052 3073 cujus
1095 2991 1190 3055 rei
1233 2997 1377 3055 test.
1409 3011 1587 3074 praes.
1621 3012 1737 3055 scr.
1770 2991 1881 3075 sig.
1914 3012 2131 3056 meum
2161 2990 2446 3075 apposui.
2537 2989 2689 3053 Hiis

410 3097 553 3155 test.
644 3090 915 3155 Ricardo
965 3092 1164 3175 Percy
1209 3090 1289 3156 de
1332 3091 1683 3175 Dunseley.
1773 3092 2123 3157 Eustachio
2176 3090 2256 3157 de
2306 3091 2371 3154 N
2374 3090 2562 3156 evifl:
2624 3097 2692 3154 et

415 3190 639 3254 multis
670 3190 831 3255 aliis

501 3352 863 3416 Remanent
906 3352 978 3415 in
1022 3351 1438 3417 Thesaurario
1487 3353 1658 3418 facta
1709 3352 1788 3417 de
1841 3352 2141 3417 Neuham
2194 3372 2338 3435 quae
2369 3372 2502 3415 non
2532 3358 2688 3416 sunt

413 3452 652 3535 scripta
682 3453 751 3516 in
782 3452 903 3517 hoc
933 3452 1114 3516 libro.

1328 3603 1786 3668 CCCCXLIV.

501 3741 642 3823 (45)
689 3740 1005 3806 Omnibus
1053 3740 1294 3805 Christi
1339 3740 1504 3805 fidel„
1543 3762 1637 3824 pr.
1672 3741 1920 3806 litteras
1963 3741 2347 3825 inspecturis
2393 3739 2498 3805 vel
2528 3740 2692 3815 aud„

412 3840 641 3905 Petrus
701 3839 778 3904 de
832 3839 1010 3903 Malo
1056 3840 1228 3905 Lacu
1287 3840 1563 3919 tertiae,2
1621 3841 1733 3906 sal.
1796 3841 1865 3904 in
1924 3842 2108 3906 D’no.
2197 3841 2262 3904 N
2265 3840 2526 3905 overitis
2585 3859 2690 3903 me

484 3963 504 3997 ¹
540 3965 710 4017 Sicud.

480 4046 502 4081 ²
536 4049 648 4100 'Phe
664 4048 996 4100 transaction
1012 4052 1073 4101 to
1086 4049 1263 4101 which
1277 4049 1388 4101 this
1405 4050 1512 4102 and
1527 4050 1621 4101 the
1639 4055 1751 4102 two
1765 4049 2038 4117 following
2052 4050 2363 4101 documenta
2378 4047 2516 4098 refer
2531 4048 2575 4098 is
2591 4063 2690 4098 one

409 4133 586 4185 which
618 4133 665 4183 is
687 4137 784 4184 not
807 4133 1039 4184 without
1062 4133 1135 4184 its
1159 4134 1415 4185 elementa
1439 4133 1496 4184 of
1520 4137 1778 4200 mystery.
1857 4132 1969 4183 The
1994 4137 2124 4184 next
2149 4132 2284 4183 deed
2306 4131 2353 4182 is
2376 4149 2409 4182 a
2437 4135 2471 4159 ‘⁴
2493 4131 2690 4182 Finalis

411 4215 742 4268 (Ἅπασι-ὥθ’
775 4216 1016 4267 between
1051 4215 1144 4267 the
1180 4217 1375 4282 Abbey
1409 4216 1516 4267 and
1551 4217 1712 4268 Peter
1746 4215 1813 4266 de
1839 4216 2054 4282 Mauley
2079 4217 2133 4267 in
2174 4215 2270 4266 the
2294 4220 2491 4267 matter
2515 4215 2572 4265 of
2593 4214 2688 4265 the

412 4301 627 4353 Mauors
651 4300 709 4350 of
730 4300 986 4366 Dunsley‚
1014 4300 1257 4352 Neuham
1284 4301 1623 4362 (Newholm),
1646 4301 1752 4351 and
1779 4299 2057 4367 Stakesby,
2080 4300 2187 4351 and
2209 4300 2254 4351 is
2269 4299 2536 4362 recorded,
2560 4299 2692 4349 Feet

410 4385 465 4436 of
478 4385 653 4447 Fines,
671 4383 819 4435 Edw.
843 4397 905 4445 1.,
926 4383 1097 4446 York,
1120 4384 1220 4436 No.
1247 4387 1315 4436 98
1339 4383 1566 4446 (Reeord
1584 4383 1781 4446 Office).
1833 4382 1888 4433 It
1904 4389 2051 4436 must
2068 4383 2134 4434 be
2153 4383 2320 4436 borne
2337 4385 2392 4436 in
2408 4383 2558 4435 mind
2572 4381 2695 4432 that

412 4470 444 4495 ‘⁸
463 4468 619 4519 when
643 4471 899 4534 property
922 4466 1039 4518 first
1061 4469 1276 4520 became
1299 4468 1391 4519 the
1409 4467 1623 4533 subject
1637 4466 1692 4517 of
1713 4467 2014 4534 alienation,
2035 4469 2082 4520 it
2100 4485 2208 4520 was
2224 4469 2394 4520 found
2408 4481 2684 4531 necessary

407 4553 466 4602 to
490 4552 654 4618 adopt
678 4568 821 4602 some
845 4550 1120 4603 authentic
1144 4552 1300 4603 mode
1323 4551 1379 4602 of
1417 4551 1645 4602 transfer
1670 4552 1846 4603 which
1869 4553 2041 4620 might
2066 4569 2246 4604 secure
2272 4553 2365 4604 the
2391 4552 2687 4617 possession

410 4634 513 4685 and
537 4635 721 4687 evinco
747 4635 840 4688 the
865 4634 988 4685 title
1012 4635 1068 4685 of
1090 4636 1183 4687 the
1208 4636 1507 4702 purchaser.
1583 4636 1668 4700 By
1693 4637 1786 4688 the
1811 4639 2025 4689 ancient
2048 4654 2291 4689 common
2315 4637 2420 4688 law
2443 4636 2698 4687 achar-ter
