3254 5140
560 533 685 592 658
942 540 1484 595 CARTULARIUM
1521 537 1927 591 ABBATHIAE
1963 537 2063 590 DE:
2097 536 2474 589 WHITEBY.

558 707 736 771 omni
794 726 869 770 eo
928 705 1103 789 quod
1161 704 1370 768 facere
1428 702 1845 770 decreveritis
1905 702 1978 766 in
2035 701 2367 785 praemisso
2424 720 2542 783 per
2602 707 2850 764 vaetras

558 806 807 869 litteras
837 810 1132 888 patentes
1162 809 1229 869 et
1258 804 1508 867 clausas
1538 803 1771 867 harum
1815 802 2050 866 seriem
2080 801 2504 865 continentes,
2597 800 2852 864 Valete.

561 905 803 968 Datum
837 905 1009 988 apud
1040 903 1254 987 Thorp
1296 903 1490 987 juxta
1529 902 1718 967 Ebor.
1752 901 1916 965 xxiii
1946 901 2052 965 die
2085 900 2337 964 Mensis
2376 899 2622 977 Martii,
2651 900 2735 964 A.
2768 900 2850 964 D.

560 1004 895 1069 M⁰ccc⁰lxx
924 1010 1153 1088 quarto
1183 1009 1250 1067 et
1279 1008 1514 1067 nostrae
1542 1000 1985 1066 translationis
2015 1000 2207 1065 tertio
2236 999 2502 1065 decimo,

1279 1225 1524 1291 DCIX.
1570 1225 1894 1310 (Scroope,
1923 1224 1963 1289 f.
1999 1224 2129 1308 61.)

621 1367 938 1430 Dunssm
967 1364 1266 1428 Annuus
1296 1379 1376 1426 m·
1406 1363 1806 1428 commus
1836 1379 1922 1426 nn
1952 1362 2244 1425 Wnrrmr
2272 1378 2396 1426 rso
2425 1362 2782 1427 Eccnnsns

1215 1478 1320 1527 ms
1347 1477 1836 1539 ArrssormAns,
1866 1478 1953 1526 ur
1982 1477 2203 1525 PATET.

653 1613 736 1676 In
768 1611 908 1676 -Dei
949 1610 1229 1687 nomine,
1272 1611 1504 1674 Amen.
1594 1611 1752 1688 Nos,
1797 1610 2130 1688 Ricardus,
2174 1616 2293 1674 etc.
2383 1610 2483 1673 Ex
2533 1610 2857 1677 relatione

565 1712 991 1797 plurimorum
1019 1710 1488 1795 fidedignorum
1518 1710 1878 1793 recepimus
1910 1709 2056 1794 [etc.,
2085 1731 2158 1774 as
2186 1711 2261 1774 in
2288 1709 2409 1776 No.
2444 1709 2619 1794 3011.

1300 1946 1504 2012 nox
1552 1933 1860 2030 (Nema,
1892 1946 1934 2011 f.
1968 1947 2097 2030 36.)

656 2098 999 2164 Universis
1044 2097 1104 2162 S.
1150 2095 1385 2160 Matris
1428 2095 1736 2160 Ecclesiae
1779 2096 1932 2160 filiis
1978 2096 2061 2160 ad
2106 2117 2269 2180 quos
2305 2117 2398 2181 pr.
2429 2098 2669 2164 litterae
2706 2120 2855 2183 per-

568 2199 886 2275 venerint,
913 2197 1128 2261 Adam
1157 2195 1239 2260 de
1267 2195 1501 2278 Thorp,
1531 2193 1897 2259 Canonicus
1942 2194 2250 2260 Ecclesiae
2278 2195 2483 2273 Ebor.,
2516 2199 2854 2263 reverendi

570 2297 641 2360 in
671 2296 929 2361 Christo
960 2294 1172 2359 Patris
1202 2300 1269 2359 et
1297 2294 1473 2370 D'ni,
1500 2294 1926 2377 permissione
1969 2293 2195 2358 divina
2228 2294 2301 2358 in
2344 2295 2515 2360 Eccl.
2548 2297 2629 2361 de
2661 2298 2850 2362 Ebor.

570 2393 900 2477 Archiep’i
972 2392 1182 2468 electi,
1242 2391 1606 2456 confirmati
1681 2396 1750 2455 et
1806 2391 2186 2471 consecrati,
2257 2393 2330 2456 in
2403 2392 2853 2477 spiritualibus

572 2490 1235 2576 vicarius-generalis,
1292 2496 1360 2555 et
1418 2487 1535 2554 ad'
1572 2489 1748 2554 infra
1805 2490 2048 2575 scripta
2119 2510 2239 2576 per
2308 2492 2558 2557 dictum
2616 2494 2851 2560 Vener.

571 2596 822 2676 patrem
866 2592 1235 2675 deputatus,
1279 2591 1391 2655 sal.
1437 2592 1508 2655 in
1552 2591 1847 2655 omnium
1889 2590 2241 2659 Salvatore.
2328 2592 2604 2659 Noverit
2638 2603 2852 2660 vestra

572 2692 961 2756 universitas
1004 2690 1180 2772 quod
1224 2710 1361 2766 nos,
1390 2694 1846 2774 praesentatam
1891 2690 2081 2754 nobis
2118 2689 2501 2756 electionem
2544 2693 2624 2759 de
2656 2695 2853 2760 fratre

572 2792 619 2856 J
624 2790 876 2854 ohanne
905 2788 987 2853 de
1016 2788 1397 2867 Richmond,
1427 2789 1741 2854 monacho
1772 2789 2102 2853 Monast’ii
2127 2790 2207 2854 de
2230 2791 2561 2876 Whiteby,
2585 2793 2852 2858 Ordinis

576 2890 637 2955 S.
670 2889 1027 2967 Benedicti,
1056 2889 1244 2955 Ebor.
1273 2890 1479 2966 Dioc„
1522 2890 1593 2953 in
1634 2888 1810 2953 dicto
1854 2888 2100 2952 Mon’io
2130 2889 2441 2954 Ordinem
2471 2893 2853 2975 praedictum

574 3009 874 3073 expresse
918 2990 1218 3073 profess0‚
1262 2989 1333 3052 in
1377 2989 1705 3053 Abbatem
1748 2987 1910 3052 dicti
1955 2988 2203 3066 Mon’ii,
2252 3008 2370 3073 per
2412 2998 2686 3056 mortem
2727 2994 2854 3077 pize

575 3089 899 3153 memoriae
938 3089 1153 3153 fratris
1182 3086 1500 3151 Willelmi
1541 3086 1620 3150 de
1666 3085 1933 3162 Burton,
1968 3086 2189 3150 ultimi
2229 3088 2506 3154 Abbatis
2545 3091 2851 3174 ejusdem,

574 3188 883 3267 vacantis,
913 3188 1303 3253 celebratam
1332 3206 1406 3250 ac
1435 3206 1551 3269 per
1580 3204 1716 3261 nos,
1738 3184 1906 3267 juris
1936 3184 2160 3249 ordine
2203 3188 2536 3269 praemisso
2566 3196 2633 3255 et
2660 3199 2856 3274 prout

576 3287 880 3352 convenit
910 3288 980 3351 in
1009 3286 1309 3351 omnibus
1339 3285 1694 3360 observato,
1724 3283 1883 3347 dicti
1913 3283 2103 3348 electi
2145 3305 2419 3368 persona
2448 3294 2515 3351 et
2542 3288 2855 3355 electione

578 3385 659 3449 de
701 3385 843 3470 ipso
888 3386 1060 3450 facta
1112 3384 1489 3467 diligentius
1533 3382 1924 3459 examinata,
1975 3389 2044 3446 et
2094 3382 2176 3447 ad
2227 3383 2498 3467 plenum
2549 3387 2855 3465 discussa,

577 3484 886 3561 defectus,
915 3485 970 3548 si
1001 3484 1117 3566 qui
1157 3482 1416 3557 fuerint,
1448 3480 1518 3543 in
1548 3480 1807 3564 negotio
1837 3480 2169 3545 electionis
2209 3483 2550 3566 praedictae,
2580 3488 2855 3552 auctori-

578 3588 712 3646 tate
742 3583 928 3647 nobis
958 3602 997 3646 a
1025 3582 1200 3646 dicto
1230 3581 1462 3645 Vener.
1510 3585 1693 3663 patre
1722 3580 1794 3643 in
1824 3580 1944 3644 hac
1972 3587 2159 3664 parte
2196 3583 2537 3648 commissa
2577 3586 2856 3669 gratiose

578 3679 976 3764 supplentes,
1004 3680 1439 3744 assidentibus
1482 3679 1670 3743 nobis
1709 3679 2122 3763 jurisperitis,
2167 3686 2396 3765 utpote
2438 3684 2747 3748 canonica
2790 3692 2858 3749 et

579 3780 660 3846 de
731 3800 1002 3863 persona
1074 3779 1306 3843 idonea
1379 3777 1700 3842 celebrata
1758 3777 1925 3841 xvii⁰
1985 3778 2090 3842 die
2151 3779 2403 3845 Mensis
2463 3782 2508 3846 J
2512 3781 2630 3845 ulii
2687 3782 2850 3847 AD.

579 3877 1068 3943 M⁰ccc⁰lxx⁰iiii⁰
1098 3876 1170 3940 in
1213 3875 1483 3941 ecclesia
1524 3875 1881 3959 parochiali
1921 3875 1994 3940 B.
2025 3876 2273 3955 Mariae,
2304 3878 2387 3942 ad
2416 3878 2631 3943 valvas
2675 3877 2844 3940 Eccl-

578 3979 767 4042 Ebor.
840 3975 1380 4051 confirmavimus,
1453 3975 1863 4057 eundemque
1949 3975 2215 4040 fratrem
2305 3977 2352 4041 J
2355 3977 2669 4042 ohannem
2752 3973 2845 4039 sic

580 4078 860 4142 electum
895 4077 966 4141 in
993 4076 1319 4140 Abbatem
1363 4075 1526 4139 dicti
1570 4074 1802 4138 Mon'ii
1843 4074 2248 4158 perfecimuS,
2277 4082 2345 4141 et
2372 4077 2583 4141 eidem
2612 4074 2851 4140 Mon'io

579 4176 977 4260 providimus
1021 4176 1103 4240 de
1146 4175 1389 4252 eodem,
1418 4195 1658 4250 curam,
1686 4173 1971 4257 regimen
2011 4180 2078 4239 et
2121 4174 2741 4241 administrationem
2786 4176 2853 4239 in

579 4273 1022 4356 spiritualibus
1075 4279 1142 4339 et
1198 4272 1664 4356 temporalibus
1723 4271 1886 4336 dicti
1945 4271 2348 4351 Monasterii,
2406 4274 2719 4357 quatinus
2777 4275 2858 4338 ad

579 4373 827 4436 dictum
850 4373 1160 4438 Venerab.
1188 4380 1438 4456 patrem
1466 4372 1852 4455 praedictum
1874 4371 1980 4437 vel
2010 4373 2093 4436 ad
2115 4393 2231 4436 nos
2262 4374 2552 4455 attinuit,
2573 4374 2861 4457 plenarie

582 4468 1019 4536 concedentes,
1109 4471 1190 4535 In
1243 4492 1295 4538 c.
1347 4491 1395 4535 r.
1450 4471 1896 4535 testimonium
1947 4471 2060 4555 sig.
2115 4471 2295 4537 Offic.
2341 4471 2552 4550 Ebor„
2596 4494 2727 4557 quo
2778 4472 2862 4537 ad
