3254 5140
591 548 716 605 410
952 552 1497 607 GARTULARIUM
1537 551 1943 602 ABBATHIAE
1981 550 2076 600 DE
2109 549 2484 600 WHITEBY.

586 721 805 796 Oonv„
828 719 1121 783 salutem.
1196 717 1468 781 Noverit
1498 715 1673 779 univ,
1699 721 1912 779 vestra
1941 734 2061 777 nos
2091 734 2262 777 eone.
2302 720 2369 777 et
2399 711 2540 775 ded.
2565 715 2630 773 et
2659 709 2780 772 hae
2809 728 2859 771 0.

581 825 804 883 nostra
833 819 995 882 conf.
1024 817 1287 901 Hugoni
1318 816 1397 879 de
1427 816 1586 878 Alta
1613 813 1799 877 villal
1830 819 1896 876 et
1929 812 1974 875 J
1977 812 2250 876 ohannae
2277 811 2468 875 uxori
2497 830 2629 873 suae
2657 812 2860 872 totam

583 918 771 981 t'ram
801 939 840 982 a
864 916 1234 981 Kattewieh
1257 935 1461 999 usque
1492 914 1575 978 ad
1604 912 2017 996 Halmerigge
2035 910 2061 949 2
2089 912 2161 973 in
2183 910 2610 995 longitudine,
2632 905 2774 991 (59)
2800 910 2866 969 et

589 1017 658 1079 in
681 1016 1030 1081 latitudine
1053 1037 1091 1080 a
1113 1016 1350 1080 fossato
1374 1014 1507 1078 t’rae
1530 1012 1790 1076 arabilis
1814 1011 1892 1074 de
1917 1012 2245 1075 Snetonna
2263 1029 2469 1093 usque
2491 1008 2574 1072 ad
2595 1007 2865 1070 ductum

591 1136 775 1198 aquae
818 1137 963 1199 quae
1012 1115 1213 1179 currit
1257 1114 1426 1178 inter
1471 1110 1763 1176 Striehill
1807 1117 1875 1174 et
1917 1110 2279 1194 Rethrigge,
2312 1116 2378 1173 et
2420 1106 2866 1172 molendinum

590 1215 670 1279 de
703 1214 1078 1279 Striehehill
1109 1235 1257 1278 eum
1302 1212 1726 1276 affirmatione
1757 1210 1971 1294 stagni
2014 1230 2208 1293 super
2239 1210 2423 1273 t’ram
2455 1215 2741 1272 nostram
2788 1204 2868 1268 de

594 1314 957 1399 Rethrigge,
987 1333 1102 1397 pro
1132 1312 1428 1396 homagio
1459 1318 1526 1375 et
1555 1332 1715 1375 serv.
1746 1330 1884 1386 suo,
1914 1309 2044 1373 illis
2075 1316 2141 1372 et
2171 1308 2533 1372 haeredibus
2565 1326 2871 1370 eorum—

595 1411 928 1476 Tenendas
960 1412 1039 1475 de
1084 1411 1268 1474 nobis
1298 1411 1370 1473 in
1400 1430 1573 1493 perp.
1605 1410 1677 1472 in
1708 1408 1890 1472 feodo
1920 1412 1987 1472 et
2017 1407 2410 1484 haereditate,
2439 1406 2551 1469 lib.
2583 1412 2648 1469 et
2677 1426 2868 1487 qu.—

598 1509 950 1575 Reddendo
996 1510 1146 1574 inde
1192 1510 1529 1573 annuatim
1572 1508 1913 1572 dimidiam
1955 1528 2238 1572 maroam
2268 1506 2516 1589 argenti
2544 1525 2659 1589 pro
2705 1524 2873 1568 omn.

596 1628 776 1684 serv„
807 1615 1090 1673 consuet.
1123 1615 1188 1672 et
1218 1629 1410 1684 exae„
1440 1608 1521 1671 ad
1552 1608 1713 1670 duos
1745 1607 2148 1672 term—soil.
2181 1606 2607 1690 quadraginta
2638 1604 2779 1668 den.
2808 1608 2876 1666 at

599 1708 640 1770 f.
689 1707 749 1770 S.
797 1708 1072 1771 Martini
1124 1713 1190 1772 et
1242 1708 1460 1791 quadr.
1507 1706 1649 1770 den.
1703 1713 1771 1770 at
1822 1707 2262 1770 Pentecosten.
2375 1704 2526 1768 Hiis
2578 1703 2874 1768 testibus,

600 1807 875 1871 Roberto
907 1807 986 1872 de
1017 1806 1336 1871 Karle010.
1426 1804 1674 1869 Thoma
1702 1805 1781 1869 de
1813 1805 2182 1869 Linoolnia:
2227 1809 2294 1868 et
2325 1803 2486 1868 aliis,

1565 2027 1921 2093 CCCCLX.

693 2180 878 2243 Omn.
902 2177 1144 2245 Christi
1166 2177 1463 2241 fidelibus
1486 2177 1602 2241 has
1624 2177 1749 2241 litt.
1782 2177 1897 2240 vis.
1918 2175 2023 2241 vel
2053 2174 2196 2239 aud.
2223 2176 2268 2240 J
2271 2174 2528 2238 ohanna
2550 2171 2887 2249 Arundel,⁸

605 2278 895 2342 salutem.
987 2279 1052 2341 N
1055 2298 1148 2340 ov.
1197 2278 1370 2341 univ.
1404 2283 1618 2341 vestra
1660 2297 1782 2354 me,
1821 2275 1900 2339 de
1944 2274 2280 2339 voluntate
2324 2279 2390 2337 et
2434 2272 2705 2337 oonsilio
2751 2272 2882 2335 d'ni

604 2376 736 2440 mei
772 2382 838 2439 et
881 2376 1117 2458 sponsi,
1164 2374 1423 2438 Ricardi
1452 2374 1747 2450 Vertdos,
1791 2394 1905 2458 pro
1951 2373 2062 2438 sal.
2111 2394 2161 2436 a.
2208 2393 2368 2436 meae
2412 2378 2478 2436 et
2521 2372 2882 2435 animarum

607 2474 810 2559 patris
839 2474 985 2549 mei,
1017 2473 1355 2557 Reginaldi
1400 2472 1479 2536 de
1508 2472 1818 2549 Arundel,
1849 2480 1915 2536 et
1944 2472 2167 2556 mati-is
2196 2472 2327 2536 mei
2355 2471 2648 2555 Agathae,
2677 2476 2742 2533 et
2769 2489 2886 2552 pro

609 2574 945 2638 animabus
974 2573 1122 2637 haer.
1156 2594 1461 2650 meorum,
1493 2572 1632 2636 ded.
1665 2579 1731 2636 et
1762 2592 1933 2637 cono.
1966 2576 2031 2636 et
2070 2572 2190 2635 hae
2234 2592 2411 2655 praes.
2446 2591 2496 2635 6.
2529 2591 2688 2635 mea.
2721 2569 2887 2634 conf.

611 2674 680 2735 in
731 2694 888 2756 pur„
930 2672 1037 2736 lib.
1095 2679 1162 2737 et
1213 2692 1385 2755 perp.
1439 2672 1666 2748 elem.‚⁴
1713 2672 2082 2755 homagium
2130 2676 2196 2735 et
2241 2692 2400 2735 serv.
2445 2670 2763 2735 Willelmi
2808 2670 2889 2734 de

611 2770 1181 2835 Waledene—soil.
1202 2792 1398 2835 unam
1417 2771 1651 2834 librum
1675 2771 1919 2854 cymini
1939 2770 2008 2832 in
2029 2770 2069 2834 f.
2093 2770 2149 2834 S.
2176 2770 2395 2833 Hildae
2419 2770 2489 2832 in
2509 2774 2888 2853 autumpno,

611 2868 716 2933 vel
747 2869 906 2933 duos
938 2870 1232 2933 denarios
1257 2893 1272 2948 ;
1317 2867 1488 2953 (59b)
1520 2876 1587 2932 et
1631 2868 1798 2932 hom.
1831 2876 1897 2932 et
1927 2889 2083 2933 serv.
2117 2870 2162 2933 J
2165 2868 2437 2932 ohannis
2481 2868 2602 2932 filii
2630 2869 2890 2932 Thomae

614 2968 692 3033 de
725 2968 1218 3052 Bolleby—soil.
1250 2989 1456 3032 unum
1500 2968 1834 3032 denarium
1864 2968 1948 3032 ad
1977 2969 2017 3031 f.
2053 2968 2111 3032 S.
2153 2968 2370 3032 Hssdae
2414 2968 2484 3031 in
2516 2975 2893 3052 autumpno,

614 3069 754 3132 Deo
799 3075 865 3132 et
907 3068 1076 3132 Eoel.
1104 3068 1162 3132 S.
1197 3067 1371 3131 Petri
1415 3073 1480 3131 et
1526 3068 1584 3131 S.
1621 3067 1840 3132 Hildae
1884 3068 1963 3132 de
2000 3068 2305 3152 Whiteby
2334 3073 2401 3131 et
2438 3067 2769 3131 monachis
2801 3068 2896 3131 ibi

615 3169 754 3232 Deo
792 3168 1234 3232 servientibus.
1327 3167 1620 3231 Concedo
1652 3167 1847 3230 etiam
1892 3175 1968 3231 ut
1998 3168 2187 3250 praed.
2221 3187 2363 3231 mea
2393 3167 2571 3231 elem.
2604 3166 2689 3230 sit
2735 3166 2894 3230 adeo

617 3287 776 3349 pura
806 3271 872 3330 et
898 3266 1100 3331 libera
1129 3267 1298 3330 siout
1326 3266 1543 3349 aliqua
1573 3266 1752 3330 elem.
1786 3274 1884 3331 est
1913 3266 2017 3330 vel
2054 3287 2190 3330 esse
2220 3274 2447 3349 potest.
2536 3266 2624 3329 Et
2651 3272 2729 3329 ut
2755 3265 2897 3329 haee
3003 3315 3010 3328 ,

692 3425 711 3458 ¹
749 3426 847 3478 See
871 3426 972 3478 No.
1001 3429 1119 3481 225.

688 3506 712 3539 ²
747 3509 883 3559 Now
908 3510 1122 3560 Shawm
1146 3511 1297 3578 Rigg,
1326 3528 1359 3562 a
1393 3511 1491 3562 hill
1514 3511 1636 3563 well
1672 3512 1868 3563 known
1897 3516 1953 3562 to
1990 3512 2364 3564 excursionists
2403 3512 2538 3562 from
2564 3511 2812 3576 Whitby,
2839 3528 2899 3562 as

616 3591 767 3656 lying
782 3608 814 3641 a
827 3591 969 3642 little
987 3596 1046 3643 to
1063 3592 1156 3643 the
1175 3594 1319 3660 right
1337 3593 1392 3644 of
1412 3593 1506 3645 the
1524 3594 1657 3660 path
1677 3599 1736 3644 to
1761 3594 1902 3646 Cock
1921 3594 2056 3657 Mill,
2077 3595 2218 3645 after
2234 3594 2365 3660 they
2384 3594 2520 3645 have
2538 3594 2639 3645 left
2656 3594 2750 3644 the
2768 3594 2900 3644 road

619 3673 755 3724 from
780 3673 874 3724 the
898 3674 1171 3741 Cemetery
1192 3680 1249 3726 to
1273 3676 1534 3742 Ruswarp
1558 3676 1664 3727 aud
1691 3677 1938 3729 Sneaton.
2002 3678 2099 3729 See
2125 3677 2224 3728 No.
2248 3679 2367 3738 380,
2391 3677 2567 3728 where
2593 3676 2901 3743 Scalmeryg

620 3755 666 3807 is
692 3756 897 3819 named,
924 3773 983 3807 as
1007 3757 1118 3807 also
1142 3758 1405 3809 Sethelhil
1430 3759 1535 3809 and
1561 3758 1820 3826 Rethryg,
1846 3759 2021 3810 which
2045 3777 2149 3823 are,
2176 3777 2245 3810 no
2269 3760 2455 3822 doubt,
2482 3759 2738 3810 identical
2762 3759 2899 3809 with

620 3841 716 3891 the
741 3839 1045 3892 Strichehill
1069 3841 1175 3892 and
1212 3842 1498 3908 Rethrigge
1523 3841 1579 3892 of
1601 3841 1697 3893 the
1733 3846 1948 3907 present
1971 3842 2271 3894 document.
2346 3842 2489 3893 Note
2514 3842 2626 3893 also
2650 3842 2771 3893 that
2806 3842 2903 3893 the

622 3923 750 3975 land
784 3923 1028 3975 between
1063 3924 1368 3993 Sealmeryg
1392 3925 1498 3977 and
1533 3926 1819 3977 Katewike
1854 3926 1900 3976 is
1937 3926 2177 3977 likewise
2212 3924 2463 3992 speoified
2500 3926 2558 3976 in
2591 3925 2716 3977 that
2750 3925 2903 3987 deed,

625 4007 731 4058 and
766 4007 889 4059 that
923 4008 1017 4059 the
1052 4025 1207 4059 name
1243 4008 1560 4074 Katedykes
1596 4025 1779 4060 occurs
1814 4025 1960 4059 more
1994 4009 2130 4060 than
2166 4025 2310 4060 once.
2388 4008 2662 4072 Chai-lton,
2701 4025 2750 4074 p.
2779 4010 2903 4070 241,

625 4090 856 4155 jumbles
898 4089 991 4141 the
1031 4095 1145 4142 two
1187 4092 1444 4157 together,
1483 4092 1590 4144 and
1631 4092 1892 4143 identifies
1930 4092 2023 4143 the
2065 4093 2214 4158 place
2261 4092 2397 4144 with
2438 4092 2532 4143 the
2574 4091 2796 4143 Sourebi
2852 4092 2910 4143 of

628 4172 946 4237 Domesday,
972 4173 1078 4223 and
1113 4174 1206 4225 the
1243 4175 1479 4225 Sneaton
1514 4175 1725 4241 Thon-pe
1750 4176 1806 4226 of
1839 4174 1933 4225 the
1958 4179 2173 4241 present
2208 4175 2329 4240 day.
2405 4175 2596 4241 Really
2623 4175 2905 4226 Katewiek

628 4269 689 4304 or
712 4253 950 4304 Catwick
974 4255 1070 4305 lies
1094 4272 1126 4305 a
1151 4256 1299 4306 short
1318 4257 1556 4307 distanoe
1580 4256 1881 4308 south-east
1903 4257 2042 4308 from
2066 4256 2294 4308 Sneaton
2321 4258 2545 4323 Thorpe.
2610 4259 2902 4316 Moreover,

630 4353 689 4386 as
712 4353 793 4386 we
818 4337 951 4386 have
976 4354 1099 4388 seen
1122 4339 1178 4388 in
1204 4355 1237 4389 a
1260 4339 1455 4389 former
1478 4344 1622 4400 note,
1653 4340 1876 4391 Sourebi
1902 4340 1990 4403 lay
2016 4356 2086 4390 on
2110 4340 2205 4392 the
2230 4341 2386 4391 other
2409 4341 2523 4393 side
2548 4341 2605 4391 of
2626 4341 2721 4392 the
2746 4340 2872 4391 Esk.

702 4417 724 4449 ³
761 4417 856 4467 See
883 4418 979 4468 No.
1013 4422 1114 4470 102
1139 4420 1244 4470 and
1269 4424 1392 4471 note
1420 4440 1433 4482 ;
1468 4422 1574 4472 and
1600 4422 1712 4473 also
1738 4423 1838 4474 No.
1871 4424 1986 4475 134.

702 4497 727 4532 ⁴
760 4498 873 4549 The
897 4500 1090 4551 donees
1114 4519 1203 4553 are
1226 4503 1525 4554 mentioned
1551 4505 1700 4569 quite
1724 4510 1783 4556 at
1807 4506 1899 4557 the
1923 4506 2027 4556 end
2051 4507 2106 4556 of
2125 4507 2218 4557 the
2242 4506 2440 4570 period.
