3254 5140
782 594 1325 646 CARTULARIUM
1361 593 1768 645 ABBATHIAE
1800 594 1898 645 DE
1927 594 2297 646 WHITEBY.
2567 582 2688 640 497

416 759 724 824 Omnium
770 759 1151 824 Sanctorum
1195 758 1276 823 de
1322 758 1745 841 Fiskeregate,
1776 779 1924 822 cum
1968 766 2125 842 pert.
2165 758 2318 835 suiS,
2362 764 2429 823 et
2473 777 2696 822 omnes

411 859 561 923 t'ras
593 864 659 923 et
682 858 973 923 homines
1005 859 1076 921 in
1101 858 1323 922 eadem
1354 857 1615 921 civitate
1646 856 1949 921 Ecclesiae
1983 857 2041 922 S.
2068 858 2246 922 Petri
2275 864 2340 922 et
2371 857 2429 921 S.
2459 856 2696 940 Hyldae

413 959 828 1042 pertinentes,
858 979 1008 1022 cum
1039 978 1190 1021 soca
1218 965 1286 1020 et
1314 977 1478 1032 saca,
1509 963 1575 1020 et
1594 955 1689 1020 tol
1711 963 1777 1020 et
1799 956 2038 1034 theam,
2063 963 2128 1021 et
2157 956 2697 1040 infangenetheof,

415 1064 480 1120 et
510 1078 659 1121 cum
690 1057 988 1120 omnibus
1020 1055 1226 1119 libert.
1260 1061 1326 1119 et
1357 1063 1639 1119 consuet.
1672 1076 1833 1138 quas
1869 1055 2115 1119 habent
2144 1056 2278 1119 t'rae
2309 1063 2375 1119 et
2403 1054 2696 1117 homines

416 1156 476 1220 S.
510 1156 686 1219 Petri
717 1163 781 1220 et
813 1157 873 1221 S.
906 1155 1219 1220 Cudberti
1247 1156 1319 1218 in
1348 1155 1572 1218 eadem
1596 1154 1861 1219 civitate
1885 1155 2325 1218 consistentes,
2403 1152 2696 1218 Concedo

414 1256 611 1320 etiam
643 1263 710 1318 et
740 1255 902 1319 conf.
935 1254 1125 1337 praed.
1157 1253 1462 1317 Ecclesiae
1492 1253 1571 1316 de
1603 1253 1890 1337 Witeby,
1913 1259 1979 1317 et
2006 1253 2247 1316 Abbati
2278 1258 2343 1315 et
2364 1250 2696 1314 monachis

415 1353 597 1418 illius
636 1353 777 1430 loci,
808 1360 883 1416 ut
914 1353 1195 1417 habeant
1223 1358 1288 1416 et
1316 1351 1689 1436 possideant
1720 1351 1790 1414 in
1835 1351 2194 1414 dominium
2240 1370 2432 1414 suum
2475 1368 2696 1412 omnes

426 1454 595 1530 t'ras,
626 1453 918 1529 forestas,
937 1472 1200 1515 nemora
1244 1457 1310 1515 et
1353 1458 1650 1534 pasturas
1697 1450 1883 1514 terris
1927 1450 2229 1514 Abbatiae
2274 1469 2407 1513 suae
2452 1448 2694 1532 pertin-

419 1560 618 1628 entes
678 1552 772 1616 ita
829 1551 1048 1629 libere,
1107 1551 1342 1634 quiete,
1401 1550 1613 1634 plene,
1673 1555 1739 1613 et
1795 1549 2164 1626 honorifice,
2225 1555 2300 1612 ut
2358 1547 2580 1611 nullus
2617 1546 2695 1610 de

421 1651 734 1715 ministris
781 1651 1017 1715 nostris
1061 1649 1454 1714 intromittat
1498 1670 1567 1713 se
1597 1649 1678 1713 de
1723 1648 2110 1724 nemoribus,
2141 1669 2259 1712 nec
2305 1648 2384 1711 de
2413 1647 2695 1730 pasturis

418 1750 725 1814 Ecclesiae
777 1750 837 1814 S.
885 1750 1076 1826 Petri,
1123 1755 1188 1813 et
1233 1749 1477 1812 Abbati
1528 1756 1596 1812 et
1655 1748 1988 1812 monachis
2034 1747 2526 1831 pertinentibus,
2577 1766 2696 1810 nec

418 1849 755 1934 prohibeat
785 1870 892 1913 eos
923 1850 1130 1913 facere
1159 1847 1517 1932 proficuum
1563 1868 1754 1911 suum
1799 1847 1879 1911 de
1925 1847 2290 1911 nemoribus
2321 1852 2387 1910 et
2416 1845 2696 1930 pasturis

419 1969 655 2012 eorum.
745 1948 834 2012 Et
883 1948 1163 2013 habeant
1223 1948 1422 2012 libere
1476 1947 1838 2012 forestarios
1893 1953 1959 2010 et
2012 1946 2343 2010 ministros
2396 1964 2562 2020 suos,
2614 1944 2695 2008 ad

419 2068 682 2112 nemora
726 2068 845 2111 sua
888 2053 953 2111 et
1005 2052 1298 2130 pasturas
1358 2067 1507 2111 suas
1558 2045 2030 2110 custodiendas.
2119 2046 2206 2109 Et
2256 2043 2561 2128 prohibeo
2615 2064 2696 2107 ne

418 2144 658 2229 aliquis
702 2146 871 2209 infra
919 2154 1121 2210 metas
1174 2151 1239 2209 et
1290 2145 1530 2210 divisas
1578 2145 1903 2229 praedictae
1954 2143 2149 2221 Ech,
2193 2150 2259 2208 et
2302 2143 2580 2206 Abbatis
2633 2147 2698 2205 et

418 2242 897 2321 monachorum,
926 2265 1264 2309 commune
1294 2243 1531 2308 habeat
1564 2245 1637 2306 in
1667 2244 2034 2308 nemoribus
2065 2249 2131 2307 et
2160 2241 2437 2325 pasturis
2461 2261 2698 2317 eorum,

420 2343 547 2407 nisi
576 2363 688 2426 per
716 2343 1045 2407 licentiam
1076 2364 1312 2407 eorum.
1405 2343 1699 2407 Concedo
1730 2343 1925 2407 etiam
1958 2347 2022 2405 et
2045 2341 2347 2405 confirmo
2379 2339 2698 2423 praedicta}

421 2442 588 2506 Eccl.
622 2462 842 2506 omnes
884 2442 1278 2519 donationes,
1309 2448 1374 2505 et
1403 2441 1606 2505 libert.
1643 2448 1708 2504 et
1744 2447 2048 2517 consuet„
2078 2439 2295 2523 qua[s]
2327 2437 2697 2500 Willelmus

420 2543 581 2619 Reiz,
610 2562 884 2626 proavus
929 2562 1127 2618 meua
1157 2547 1224 2607 et
1254 2541 1622 2606 Willelmus
1670 2542 1828 2617 Rex,
1859 2540 2031 2604 filius
2077 2540 2234 2624 ejuS,
2266 2545 2331 2603 et
2374 2537 2696 2601 Henricus

421 2644 578 2719 Rex,
624 2663 781 2707 avus
828 2663 1028 2718 meus,
1072 2640 1194 2705 eid.
1240 2641 1410 2705 Eccl.
1458 2641 1788 2716 dederunt,
1834 2646 1899 2704 et
1944 2640 2137 2704 cartis
2183 2638 2318 2703 suis
2363 2637 2698 2701 confirma-

423 2747 667 2804 verunt.
744 2742 985 2805 Omnes
1018 2760 1167 2805 vero
1206 2740 1582 2804 donationes
1612 2739 1932 2804 Willelmi
1977 2738 2056 2803 de
2087 2740 2308 2821 Percy,
2338 2737 2699 2800 fundatoris

420 2840 611 2923 praed.
663 2838 980 2915 Abbatiae‚
1033 2844 1098 2902 et
1153 2838 1349 2901 Alani
1399 2839 1478 2902 de
1524 2839 1728 2921 Percy
1772 2838 1890 2901 filii
1923 2838 2103 2920 *ejuS,
2147 2844 2214 2900 et
2256 2834 2574 2899 Willelmi
2619 2834 2698 2898 de

424 2939 645 3021 Percy,
673 2937 795 3001 filii
826 2936 1041 3013 Alani,
1065 2944 1131 3001 et
1160 2937 1434 3001 aliorum
1466 2936 1924 3000 advocatorum
1954 2956 2232 3012 suorum,
2254 2935 2427 2998 unde
2457 2933 2701 2998 habent

422 3040 627 3099 cartas
657 3054 894 3111 eorum,
925 3041 991 3099 et
1022 3034 1181 3098 duas
1212 3042 1541 3098 carucatas
1576 3035 1710 3098 t'rae
1740 3035 1810 3097 in
1843 3035 2200 3109 Hakeness‚
2229 3039 2296 3097 et
2327 3040 2602 3116 quatuor
2630 3032 2701 3095 in

422 3135 487 3197 N
489 3133 754 3209 ordfeld,
798 3141 864 3198 et
908 3134 1068 3198 duas
1115 3134 1183 3197 in
1230 3134 1741 3219 Briningestona‚
1773 3154 1922 3197 cum
1952 3139 2112 3216 pert.
2146 3133 2299 3209 suiS,
2337 3132 2478 3196 sine
2523 3132 2699 3195 omni

421 3233 608 3316 geldo
661 3230 878 3315 (168'0)
940 3234 1216 3298 concedo
1270 3233 1381 3310 eiS,
1440 3239 1506 3297 et
1565 3232 1870 3296 confirmo
1930 3233 2002 3296 in
2063 3231 2243 3296 elem.
2305 3236 2696 3313 perpetuam.

426 3333 636 3409 Quare
666 3331 810 3395 volo
843 3340 909 3396 et
937 3332 1236 3416 praecipio
1281 3341 1358 3397 ut
1386 3333 1549 3396 bene
1596 3337 1663 3395 et
1691 3331 1761 3394 in
1797 3353 1972 3415 pace,
2003 3338 2068 3395 et
2097 3331 2206 3394 lib.
2239 3335 2305 3394 et
2335 3330 2602 3393 honorif.
2636 3336 2702 3394 et

424 3434 639 3515 quiete
675 3438 941 3496 teneant
970 3432 1267 3497 ecclesias
1308 3439 1374 3498 et
1405 3433 1688 3497 decimas
1719 3441 1785 3497 et
1815 3433 1965 3496 t'ras
2010 3451 2175 3507 suas,
2206 3430 2278 3492 in
2314 3430 2503 3493 bosco
2535 3437 2601 3493 et
2629 3430 2697 3492 in

425 3532 635 3615 plano,
687 3531 758 3594 in
815 3532 1019 3615 pratis
1081 3540 1146 3596 et
1206 3532 1484 3615 pasturis
1552 3539 1617 3596 et
1676 3531 2065 3596 molendinis
2127 3538 2192 3594 et
2250 3529 2568 3606 maresciS‚
2630 3530 2697 3592 in

424 3629 686 3695 vivariis
731 3636 799 3695 et
842 3630 1151 3714 piscariis,
1196 3630 1268 3693 in
1314 3631 1557 3714 stagnis
1619 3636 1685 3694 et
1744 3629 2045 3708 exclusis,
2095 3630 2264 3692 infra
2307 3628 2581 3713 burgum
2636 3636 2702 3692 et

425 3737 623 3808 extra,
653 3731 721 3794 in
753 3731 907 3795 foris
939 3739 1005 3795 et
1035 3730 1231 3808 feriis,
1260 3730 1329 3794 in
1360 3730 1621 3794 civitate
1654 3736 1720 3794 et
1749 3739 1947 3807 extra,
1977 3730 2047 3793 in
2080 3728 2330 3793 forestis
2362 3734 2428 3790 et
2458 3727 2703 3804 divisis,

425 3832 495 3895 in
524 3831 832 3895 vaccariis
878 3837 945 3894 et
979 3829 1424 3905 heremitoriis‚
1470 3830 1539 3894 in
1585 3830 1833 3893 semitis
1880 3836 1946 3893 et
1989 3830 2131 3903 viis,
2178 3834 2244 3893 et
2287 3828 2356 3891 in
2402 3827 2701 3891 omnibus

424 3932 582 3996 locis
612 3939 679 3996 et
707 3931 915 4008 rebus,
946 3951 1094 3993 cum
1125 3930 1424 3994 omnibus
1455 3930 1864 3994 libertatibus
1912 3937 1976 3994 et
2013 3928 2519 4013 quietationibus
2552 3947 2699 3990 cum

424 4031 658 4113 quibus
688 4029 919 4094 melius
950 4037 1016 4093 et
1043 4029 1312 4093 liberius
1342 4034 1692 4093 tenuerunt
1722 4029 2122 4112 temporibus
2151 4025 2469 4090 Willelmi
2508 4026 2700 4110 Regis

424 4130 646 4214 proavi
692 4130 839 4205 mei,
880 4137 946 4193 et
980 4129 1298 4193 Willelmi
1343 4129 1537 4212 Regis
1578 4127 1700 4191 filii
1743 4128 1900 4210 ejus,
1931 4133 1997 4191 et
2043 4125 2311 4190 Henrici
2356 4125 2547 4209 Regis
2592 4125 2699 4188 avi

426 4229 568 4292 mei.
658 4228 848 4291 Teste
906 4227 1179 4291 Ricardo
1241 4227 1584 4310 Archiep’o
1639 4226 1937 4291 Cantuar.
2033 4224 2305 4289 Ricardo
2358 4223 2438 4288 de
2489 4224 2698 4289 Lusci.

425 4327 718 4393 Jocelino
750 4326 828 4390 de
859 4327 1161 4390 Luvaine.
1252 4327 1391 4390 Nos
1422 4327 1620 4409 igitur
1648 4326 1986 4410 praedictas
2017 4325 2472 4401 concessiones,
2504 4326 2699 4389 dona-

425 4429 650 4503 tiones,
682 4433 748 4490 et
786 4425 1113 4490 libertates
1158 4431 1370 4509 gratas
1402 4431 1468 4488 et
1506 4431 1678 4488 ratas
1723 4425 2034 4490 habemus
2064 4445 2180 4510 pro
2211 4424 2394 4488 nobis
2440 4432 2507 4489 et
2548 4425 2696 4489 haer.

426 4526 677 4603 nostris,
722 4525 1080 4610 ipsas[que]
1125 4524 1427 4609 praesenti
1482 4544 1531 4589 c.
1586 4530 1807 4588 nostra
1859 4524 2164 4588 duximus
2217 4524 2701 4603 confirmandaS,
