3254 5140
534 571 657 629 592
910 582 1454 634 CARTULARIUM
1493 582 1905 642 ABBATHIAE
1937 582 2034 633 DE
2070 581 2451 634 WHI'I'EBY.

531 744 791 809 baronia
820 746 900 810 de
933 745 1289 830 Mulgrave,
1320 747 1389 810 in
1422 746 1542 811 hoe
1572 748 1817 830 perjuri
1850 747 2089 810 falsum
2111 746 2439 824 dixerunt,
2462 766 2611 810 eum
2640 753 2816 820 sunt,

532 851 599 907 et
629 863 881 929 semper
911 846 1175 910 fuerunt
1203 845 1284 910 de
1315 846 1502 911 feodo
1543 846 1623 910 de
1657 846 1877 929 Percy.
1968 846 2196 911 Interr.
2228 846 2513 931 qualiter
2540 846 2661 909 hoe
2692 847 2817 908 scit

534 943 712 1021 dicit,
741 945 887 1028 per¹
916 944 1193 1008 relatum
1224 945 1549 1009 seniorum
1580 946 1782 1010 totius
1811 944 2058 1029 patriae,
2087 952 2154 1010 et
2182 952 2473 1028 tempore
2500 965 2623 1009 suo
2650 964 2816 1007 nun—

532 1061 730 1124 quam
757 1043 928 1108 vidit
955 1043 1133 1106 aliud
1179 1064 1297 1107 neo
1341 1043 1613 1108 audivit.
1704 1043 1875 1107 Item
1920 1045 1976 1107 si
2007 1044 2314 1107 dixerunt
2343 1043 2515 1128 quod
2548 1043 2811 1127 quidam

531 1141 902 1205 willelmus
934 1142 1205 1206 Fossard
1236 1143 1615 1218 manerium,
1640 1141 1830 1206 villas
1853 1149 1921 1207 et
1938 1149 2189 1227 partem
2220 1142 2395 1206 villae
2422 1143 2503 1206 de
2525 1141 2814 1225 Wyteby

530 1240 868 1322 praedietas
909 1241 1370 1325 impignoravit
1398 1241 1743 1306 Monaehis
1774 1241 1854 1305 de
1886 1242 2173 1326 Wyteby
2201 1262 2319 1324 pro
2349 1242 2630 1325 quodam
2661 1241 2812 1304 dex·

532 1339 746 1416 trariO,
791 1338 955 1404 dicit
999 1339 1173 1421 quod
1204 1339 1273 1401 in
1303 1339 1427 1403 hoe
1470 1339 1716 1423 perjuri
1760 1339 1999 1403 falsum
2044 1340 2392 1420 dixerunt3
2450 1360 2602 1404 cum
2646 1339 2816 1403 idem

524 1438 797 1520 juratus,
841 1444 916 1501 ut
958 1437 1135 1514 dicit,
1181 1439 1270 1501 sit
1312 1438 1623 1502 oriundus
1669 1437 1751 1501 de
1796 1438 2088 1522 partibus
2132 1438 2214 1502 (le
2258 1439 2565 1522 Wyteby,
2610 1443 2677 1502 et
2720 1437 2810 1501 ibi

531 1536 728 1600 alitus
773 1537 854 1600 ab
881 1537 1179 1613 infantia,
1222 1557 1342 1601 nee
1384 1557 1675 1620 unquam
1719 1538 1972 1602 audivit
2001 1538 2270 1602 verbum
2315 1538 2395 1601 de
2439 1536 2812 1621 hujusmodi

532 1635 1086 1719 impignoratione.

623 1733 699 1797 V.
762 1733 967 1818 Super
1031 1733 1261 1817 quinto
1320 1733 1616 1797 Articulo
1685 1733 2180 1799 intem—videl.
2240 1754 2324 1798 an
2399 1734 2663 1798 feodum
2734 1735 2815 1799 de

536 1833 738 1918 Peroy
767 1833 855 1897 sit
882 1833 1058 1897 idem
1102 1833 1363 1897 feodum
1393 1833 1568 1917 quod
1599 1833 1862 1898 feodum
1894 1833 1974 1898 de
2005 1833 2364 1917 Mulgrave,
2392 1833 2501 1898 vel
2545 1834 2812 1897 distinc-

534 1940 678 1997 tum
722 1933 803 1996 ab
842 1953 935 2009 e0,
964 1932 1124 1997 dicit
1168 1932 1341 2015 quod
1386 1939 1485 1996 est
1528 1938 1897 2016 separatum
1941 1940 2009 1997 et
2052 1934 2133 1997 ab
2178 1954 2252 1997 eo
2295 1933 2704 2011 distinctum,
2748 1937 2815 1997 et

533 2053 787 2116 semper
815 2033 957 2098 fuit.
1049 2033 1277 2097 Interr.
1310 2032 1588 2116 qualiter
1632 2033 1754 2097 hoe
1784 2033 1926 2110 seit,
1955 2033 2134 2111 dicit,
2163 2054 2276 2117 per
2303 2032 2583 2098 relatum
2614 2033 2815 2099 totius

534 2133 774 2216 patriae.

638 2230 756 2296 VI.
818 2230 1026 2314 Super
1095 2235 1279 2296 sexto
1352 2230 1651 2295 Articulo
1723 2229 2224 2295 interr—videl,
2286 2251 2370 2294 an
2443 2230 2610 2294 sciat
2665 2230 2812 2314 quis

535 2327 817 2393 eontulit
873 2329 1064 2393 villas
1126 2329 1467 2413 praediotas
1540 2337 1609 2394 et
1667 2329 1810 2393 loca
1874 2328 2407 2413 praedicta—scil.
2467 2329 2815 2412 Risewarp‚

537 2428 603 2491 N
604 2428 857 2506 enham,
900 2435 967 2493 et
1011 2429 1370 2493 manerium
1423 2430 1503 2493 de
1555 2429 1895 2512 Stakesby,
1939 2433 2006 2493 et
2048 2436 2300 2512 partem
2351 2428 2815 2492 occidentalem

537 2527 710 2591 villae
754 2527 834 2592 de
864 2527 1152 2612 Wyteby
1198 2528 1390 2592 dietis
1432 2527 1792 2612 Religiosis,
1837 2527 2017 2604 dicit,
2056 2526 2230 2612 quod
2274 2526 2544 2611 quidam
2586 2527 2817 2591 Domi-

537 2636 698 2703 nus(
709 2627 1089 2710 cognomine
1129 2628 1210 2692 de
1240 2628 1460 2711 Peroy,
1491 2628 1681 2711 cujus
1725 2648 1961 2692 nomen
1990 2628 2265 2710 ignorat,
2293 2628 2447 2711 quia
2492 2648 2623 2691 non
2652 2628 2819 2692 vidit

536 2726 769 2809 ipsum,
798 2732 864 2790 et
895 2726 958 2789 id
991 2726 1197 2790 eredit
1225 2728 1542 2791 veraciter
1571 2727 1745 2811 quod
1791 2728 1919 2792 ista
1962 2726 2222 2790 collatio
2268 2727 2439 2791 sacta
2482 2727 2609 2790 fuit
2639 2734 2817 2791 ante—

536 2844 731 2907 quam
753 2830 937 2907 pater
958 2824 1059 2888 vel
1084 2831 1291 2889 mater
1312 2826 1518 2909 ipsius
1534 2825 1737 2908 jurati
1766 2830 2197 2890 nascerentur.
2277 2826 2505 2889 Interr.
2529 2846 2614 2889 an
2644 2826 2821 2890 dicta

534 2923 794 2987 collatio
826 2944 1112 3006 unquam
1158 2924 1284 2987 fuit
1327 2945 1442 3008 per
1482 2945 1664 3008 reges
1692 2924 1949 3007 Angliae
1992 2925 2385 3001 confirmata,
2429 2924 2605 3001 dicit,
2642 2926 2817 3008 quod

534 3023 648 3101 sie,
697 3043 811 3106 per
861 3043 1082 3088 omnes
1128 3024 1245 3107 qui
1304 3025 1568 3088 fuerunt
1626 3045 1667 3087 a
1723 3031 2012 3108 tempore
2071 3023 2435 3088 collationis
2493 3024 2817 3107 praedictae

537 3143 744 3207 usque
774 3122 857 3187 ad
886 3127 1143 3206 tempus
1174 3122 1339 3206 regis
1370 3123 1482 3206 qui
1526 3143 1703 3187 nune
1747 3128 1860 3186 est.
1953 3122 2182 3187 Interr.
2207 3122 2488 3205 qualiter
2525 3122 2647 3187 hoo
2677 3123 2818 3191 scit,

536 3222 714 3299 dicit,
765 3221 937 3306 quod
982 3243 1096 3306 per
1153 3222 1432 3286 relatum
1483 3222 1806 3285 seniorum
1867 3241 2144 3286 suorum.
2237 3222 2465 3286 Interr,
2512 3222 2660 3306 quis
2704 3244 2818 3287 rex

534 3322 745 3405 primo
775 3321 1178 3386 confirmavit
1207 3320 1447 3384 diota-m
1492 3320 1922 3397 collationem,
1952 3320 2116 3385 dicit
2144 3320 2315 3405 quod
2344 3320 2613 3404 ignorat.
2704 3322 2818 3385 In-

536 3428 682 3484 terr.
714 3421 862 3503 quis
893 3420 1193 3484 fundavit
1221 3420 1428 3504 primo
1468 3419 1941 3483 Monasterium
1987 3420 2067 3484 de
2098 3419 2404 3503 Wyteby‚
2434 3419 2598 3484 dicit
2643 3420 2817 3504 quod

536 3518 803 3602 ignorat.

622 3617 778 3680 VII.
824 3616 1033 3699 Super
1076 3616 1352 3701 septimo
1384 3617 1682 3681 Articulo
1713 3616 2235 3681 interr—utrum
2270 3638 2345 3681 ea
2374 3638 2521 3701 quse
2564 3618 2815 3681 contin-

537 3721 729 3779 entur
779 3715 851 3778 in
902 3715 1152 3779 duobus
1205 3715 1382 3780 artie.
1427 3715 1721 3799 proxime
1775 3716 2285 3798 praecedentibus
2329 3722 2485 3779 sunt
2535 3716 2817 3800 publiea,

537 3815 899 3890 manifesta,
943 3820 1009 3878 et
1053 3815 1319 3891 notoria,
1363 3820 1429 3880 et
1466 3836 1579 3899 pro
1610 3814 1852 3879 talibus
1886 3814 2205 3880 habentur
2234 3823 2301 3880 et
2330 3815 2736 3880 habebantur
2778 3838 2817 3878 a

536 3922 821 3998 tempore
866 3914 1137 3997 antiquo
1179 3913 1251 3976 in
1294 3914 1454 3977 villa
1498 3914 1579 3978 de
1621 3914 1930 3998 Wyteby‚
1974 3921 2042 3980 et
2087 3915 2234 3979 aliis
2280 3914 2437 3979 loeis
2467 3914 2702 3978 vicinis
2745 3915 2818 3978 in

533 4015 827 4098 partibus
856 4012 937 4077 de
959 4013 1244 4097 Wyteby
1269 4012 1522 4090 Strand,
1552 4013 1731 4091 dicit,
1759 4014 1929 4097 quod
1961 4035 2038 4078 ea
2066 4036 2211 4099 quse
2240 4014 2468 4079 asserit
2496 4034 2635 4079 esse
2666 4036 2819 4090 vera

536 4114 608 4177 in
659 4112 910 4177 duobus
964 4113 1253 4176 articulis
1311 4113 1602 4196 proxime
1663 4113 2177 4195 praecedentibus
2235 4113 2496 4198 publica
2544 4121 2703 4178 sunt
2753 4121 2820 4178 et

536 4212 787 4277 notoria
830 4211 900 4274 in
943 4211 1235 4294 partibus
1278 4212 1618 4295 praedietis.
1712 4213 1940 4278 Interr.
1972 4212 2255 4296 qualiter
2298 4213 2420 4277 hoo
2463 4212 2608 4289 scit,
2637 4212 2819 4290 dicit,

537 4310 710 4394 quod
739 4330 854 4393 per
881 4310 1094 4373 visum
1124 4331 1313 4374 suum
1339 4311 1477 4394 jam
1507 4332 1623 4395 per
1652 4311 2077 4396 quadraginta
2114 4332 2318 4376 annos
2348 4319 2518 4376 retro
2547 4310 2819 4395 elapsos»,

609 4459 627 4492 ²
664 4458 779 4509 The
820 4457 1179 4525 handwriting
1221 4460 1448 4527 changes
1491 4461 1617 4511 here
1661 4464 1718 4512 to
1762 4479 1793 4512 a
1835 4461 2051 4513 smaller
2093 4461 2197 4512 and
2236 4459 2521 4512 otherwise
2564 4459 2817 4511 different

532 4544 816 4596 character.
