3254 5140
576 596 701 656 634
942 606 1490 660 CARTULARIUM
1526 605 1932 659 ABBATHIAE
1968 604 2068 658 DE
2100 604 2471 658 WHITEBY.

571 772 854 856 aliquem
885 771 1273 836 monachum
1305 770 1717 835 claustralem
1761 770 1844 835 ad
1887 769 2281 855 loquendum
2326 791 2478 835 cum
2521 771 2848 835 extraneis

570 870 861 953 personis
936 871 1065 934 nisi
1139 891 1220 935 ex
1286 890 1479 934 causa
1543 870 1740 953 justa,
1811 869 2100 953 legitima
2158 876 2227 934 et
2283 869 2568 934 honesta.
2675 869 2848 933 Item

569 969 940 1034 inhibemus
984 969 1259 1054 singulis
1304 969 1638 1033 monachis
1682 969 1763 1033 de
1805 968 2036 1047 Domo,
2071 969 2142 1031 in
2173 970 2417 1034 virtute
2461 968 2851 1034 obedientiae

571 1073 639 1132 et
669 1068 789 1132 sub
819 1089 1006 1151 paena
1034 1067 1476 1152 suspensionis
1506 1089 1546 1131 a
1574 1067 1854 1144 Divinis,
1884 1088 1967 1132 ne
1997 1067 2337 1152 spatiando
2367 1073 2552 1133 extra
2581 1068 2849 1132 Monas-

569 1167 808 1231 terium
840 1189 990 1232 cum
1019 1163 1294 1232 arcubus
1325 1174 1393 1231 et
1421 1167 1675 1250 sagittis
1703 1165 2025 1243 incedant,
2046 1173 2162 1231 aut
2183 1167 2329 1232 aliis
2353 1167 2848 1252 quibuscunque

570 1287 716 1349 quae
746 1265 1074 1350 religionis
1105 1287 1235 1330 non
1266 1272 1630 1349 congruunt
1658 1264 1996 1330 honestati.
2088 1266 2259 1331 Item
2291 1266 2507 1330 Abbas
2551 1271 2620 1331 ct
2662 1265 2847 1328 Prior

568 1366 641 1428 in
712 1364 1214 1429 recreationibus
1287 1371 1354 1429 ct
1426 1363 1674 1428 solatiis
1747 1364 2206 1429 monachorum
2278 1364 2722 1429 claustralium
2773 1384 2845 1428 se

570 1464 852 1527 habeant
911 1463 1389 1547 circumspecte,
1447 1469 1525 1527 ut
1582 1463 1714 1527 illis
1774 1464 2093 1548 praecipue
2145 1464 2501 1528 uberiorem
2573 1464 2848 1548 gratiam

569 1562 810 1626 faciant
861 1581 1041 1644 quOS,
1092 1560 1449 1628 secundum
1493 1561 1897 1627 conditiones
1945 1582 2113 1640 suas,
2157 1563 2360 1647 magis
2413 1563 2697 1627 viderint
2740 1562 2843 1624 in-

569 1661 801 1744 digere.
893 1660 1066 1724 Item
1095 1661 1280 1725 Prior
1313 1660 1385 1724 in
1428 1660 1714 1738 ecclesia,
1743 1662 2093 1739 refectorio,
2123 1662 2508 1738 dormitorio,
2539 1667 2606 1727 et
2633 1661 2845 1725 claus-

568 1760 689 1823 tris
733 1760 976 1843 jugiter
1025 1765 1332 1843 sequatur
1377 1759 1785 1824 Conventum
1832 1762 1957 1826 nisi
2008 1762 2081 1825 in
2130 1763 2469 1846 praesentia
2512 1761 2844 1845 hospitum

570 1859 978 1935 notabilium,
1044 1858 1439 1935 infirmitate,
1499 1861 1917 1943 occupatione
1974 1861 2331 1926 necessaria
2388 1868 2456 1925 et
2512 1860 2666 1925 utili
2722 1881 2840 1944 pro

571 1957 846 2041 negotiis
892 1957 1292 2034 Monasterii‚
1339 1962 1454 2022 aut
1496 1958 1625 2022 alia
1667 1979 1860 2024 causa
1901 1959 2193 2043 legitima
2234 1960 2430 2024 fuerit
2472 1960 2843 2044 impeditus.

569 2056 739 2120 Item
763 2057 985 2121 Abbas
1015 2057 1084 2120 in
1109 2056 1413 2134 consiliis,
1435 2058 1834 2134 tractatibus,
1850 2057 2213 2123 litterarum
2234 2059 2845 2143 consignationibus,

568 2162 634 2220 et
693 2157 840 2221 aliis
900 2156 1116 2220 arduis
1167 2157 1418 2220 Domus
1470 2157 1767 2240 negotiiS,
1825 2158 2240 2241 antiquorum
2298 2165 2364 2223 et
2421 2159 2844 2223 discretorum

567 2276 983 2338 personarum
1029 2256 1132 2319 sui
1177 2256 1551 2320 Conventus
1598 2261 1820 2320 utatur
1862 2258 2148 2334 consilio,
2177 2278 2260 2322 ne
2305 2278 2438 2323 suae
2480 2258 2845 2341 prudentiae

566 2354 900 2419 innitatur.
993 2355 1162 2417 Item
1187 2354 1410 2417 Abbas
1440 2354 1609 2417 nulli
1629 2355 2089 2420 monachorum
2120 2358 2222 2421 sui
2247 2357 2619 2422 Conventus
2641 2357 2843 2422 licen-

565 2453 725 2515 tiam
756 2451 1065 2515 concedat
1093 2453 1163 2514 in
1195 2451 1500 2535 obsequio
1544 2473 1659 2517 seu
1703 2454 1953 2519 familia
1992 2474 2407 2538 personarum
2436 2456 2844 2520 saecularium

567 2550 1006 2615 commorandi
1053 2550 1193 2613 sine
1241 2557 1460 2614 nostra
1512 2551 1618 2615 vel
1663 2572 2101 2618 successorum
2152 2561 2516 2620 nostrorum
2573 2555 2841 2620 licentia

566 2648 850 2732 speciali.
944 2650 1113 2711 Item
1166 2649 1322 2732 quia
1373 2651 1661 2715 Domum
1713 2653 2088 2735 praedictam
2132 2656 2327 2719 variis
2378 2655 2631 2733 debitis,
2680 2676 2843 2740 pen-

566 2748 872 2823 sionibuS‚
882 2747 1389 2825 liberationibus,
1409 2754 1475 2813 et
1494 2751 1798 2816 corrodiis
1816 2753 2185 2819 invenimus
2201 2755 2482 2839 graviter
2498 2762 2845 2833 oneratam,

564 2846 977 2931 praecipimus
1007 2849 1074 2909 et
1103 2846 1302 2910 etiam
1346 2849 1716 2914 ordinamus
1746 2851 1920 2934 quod
1964 2860 2099 2916 tam
2144 2854 2365 2919 Abbas
2394 2875 2592 2939 quam
2622 2875 2845 2920 omnes

565 2946 829 3010 officiati
874 2944 1072 3009 talem
1116 2946 1623 3013 moderationem
1669 2950 2022 3016 adhibeant
2062 2953 2133 3016 in
2177 2955 2477 3038 expensis
2506 2962 2583 3019 ut
2609 2954 2843 3019 saltem

564 3044 881 3128 paulatim
911 3044 1171 3110 valeant
1201 3048 1281 3110 ab
1313 3050 1613 3114 oneribus
1645 3048 2019 3134 hujusmodi
2047 3054 2371 3138 respirare.
2461 3054 2632 3119 Item
2667 3057 2844 3139 quod

566 3145 775 3209 omnis
807 3145 1088 3228 pecunia
1119 3145 1198 3210 de
1238 3147 1426 3212 bonis
1458 3149 1726 3227 Domus,
1757 3153 2288 3236 qualitercunque
2332 3155 2732 3237 proveniens,
2762 3156 2844 3220 ad

564 3265 795 3309 manus
854 3244 1130 3308 duorum
1191 3247 1625 3313 bursariorum
1685 3250 1755 3313 in
1806 3252 2206 3317 Monasterio
2265 3254 2684 3319 residentium
2727 3276 2845 3338 per

564 3343 884 3408 Abbatem
943 3350 1010 3407 et
1070 3344 1501 3423 Conventum,
1561 3346 1664 3411 vel
1724 3350 2032 3433 majorem
2092 3357 2158 3417 et
2215 3353 2531 3418 saniorem
2589 3361 2841 3438 partem

560 3443 786 3525 ipsius,
819 3442 1355 3525 deputandorum,
1385 3445 1793 3529 integraliter
1820 3448 2063 3533 absque
2093 3449 2517 3517 defalcatione
2546 3453 2839 3537 qualibet

560 3542 913 3624 perveniat,
974 3548 1041 3605 et
1100 3562 1215 3625 per
1271 3544 1449 3627 ipsos
1507 3546 1831 3612 bursarios
1890 3549 1959 3611 in
2033 3552 2524 3617 necessitatibus
2582 3553 2836 3618 Domus

560 3640 806 3703 Abbati
865 3646 932 3703 et
990 3641 1238 3705 caeteris
1291 3641 1587 3708 officiatis
1639 3666 1714 3710 ac
1772 3646 1935 3725 aliis,
1986 3654 2176 3731 prout
2227 3651 2575 3734 expediens
2621 3653 2833 3716 visum

561 3738 772 3814 suerit,
802 3737 1127 3802 liberetur.
1202 3740 1289 3802 Et
1319 3740 1422 3817 sit,
1446 3741 1524 3805 dc
1547 3748 1792 3822 caetero,
1822 3766 1990 3810 unus
2015 3747 2373 3814 Celerarius
2396 3751 2510 3835 qui
2539 3751 2839 3816 intendat

559 3837 825 3920 agendis
856 3836 1066 3920 ipsius
1095 3838 1348 3903 Domus
1379 3842 1778 3920 extrinsecis,
1808 3844 1892 3908 ad
1921 3848 2105 3930 cujus
2141 3848 2423 3914 officium
2465 3850 2836 3932 pertineant

558 3958 633 4001 ea
663 3937 881 4001 omnia
910 3958 1055 4020 quae
1084 3938 1166 4002 ad
1196 3938 1481 4003 officium
1513 3941 1799 4007 Bursarii
1828 3945 2139 4012 hactenus
2169 3948 2599 4031 pertinebant,
2622 3971 2837 4034 recep-

558 4037 733 4101 tione
792 4043 859 4101 et
908 4035 1294 4102 liberatione
1346 4040 1640 4122 pecuniae
1698 4042 2043 4109 dumtaxat
2100 4049 2407 4131 exceptis,
2513 4050 2603 4112 Et
2660 4050 2834 4114 idem

558 4134 920 4200 Celerarius
949 4156 1098 4199 cum
1131 4137 1510 4216 Senescallo,
1541 4140 1646 4205 vel
1671 4141 1921 4209 Clerico
1951 4145 2009 4209 si
2037 4166 2169 4210 non
2192 4147 2392 4213 fuerit
2413 4148 2841 4227 SenescalluS,

557 4254 634 4297 ac
709 4235 905 4298 etiam
978 4237 1287 4319 adjuncto
1363 4238 1507 4317 sibi,
1580 4242 1641 4304 si
1714 4243 2062 4326 expediens
2133 4246 2350 4311 visum
2423 4248 2636 4326 fuerit,
2701 4270 2835 4313 uno

556 4333 869 4399 monacho
894 4343 1146 4400 maturo
1170 4343 1235 4401 et
1259 4337 1552 4418 discreto,
1572 4343 1751 4407 omni
1773 4364 1943 4409 anno
1966 4345 2135 4409 circa
2158 4347 2420 4425 Pascha,
2438 4348 2836 4414 circumeant

555 4431 773 4493 omnia
816 4434 1104 4497 maneria
1148 4435 1285 4500 sive
1328 4435 1486 4549 loca,
1531 4439 1903 4526 faciantque
1944 4443 2024 4507 de
2067 4443 2295 4522 bladis,
2324 4450 2542 4510 stauro
2572 4447 2722 4511 vivo
2767 4454 2835 4511 et
