3254 5140
681 635 1223 689 CARTULARIUM
1262 635 1668 688 ABBATHIAE
1704 637 1803 688 DE
1838 636 2212 690 WHITEBY.
2452 627 2575 686 553

302 804 372 861 et
403 795 725 883 assignare
761 799 1017 865 dilectis
1049 801 1236 865 nobis
1280 801 1348 865 in
1390 800 1669 878 Christo,
1699 802 1944 866 Abbati
1989 810 2058 866 et
2088 803 2455 868 Convent-ui
2500 803 2579 867 de

305 897 1038 982 Whyteby—Tenenda
1067 909 1136 965 et
1164 900 1307 965 hab.
1339 901 1465 965 sibi
1496 907 1564 965 et
1592 920 1761 965 succ.
1782 901 1947 964 suis¹
1982 900 2481 984 imperpetuum,
2511 909 2576 965 et

301 995 548 1061 eisdem
578 997 820 1063 Abbati
851 1006 918 1063 et
948 999 1146 1064 Conv.
1179 999 1259 1064 de
1288 999 1622 1083 Whyteby
1655 999 1829 1082 quod
1867 999 2274 1083 mesuagium
2305 999 2470 1063 illud
2515 1007 2580 1063 et

303 1095 488 1159 t’ram
534 1098 617 1160 ab
661 1097 887 1161 eodem
933 1098 997 1162 N
1000 1098 1193 1182 igello
1238 1099 1516 1182 recipere
1560 1100 1832 1182 possint,
1876 1106 2097 1164 tenore
2142 1100 2580 1183 praesentium,

301 1194 583 1260 similem
629 1195 960 1261 licentiam
991 1198 1402 1262 concedimus
1448 1197 1815 1280 specialem,
1859 1197 2156 1262 nolentes
2187 1198 2360 1281 quod
2405 1199 2579 1262 idem

303 1293 370 1356 N
372 1293 603 1378 igellus
649 1295 755 1360 vel
800 1296 946 1361 haer.
993 1296 1115 1373 sui,
1149 1305 1264 1361 aut
1307 1297 1601 1380 praedicti
1644 1297 1867 1361 Abbas
1912 1305 1981 1361 et
2024 1297 2419 1374 Conventus,
2462 1318 2577 1361 seu

303 1412 471 1457 succ.
502 1395 625 1470 sui,
653 1395 904 1458 ratione
933 1396 1167 1459 statuti
1197 1396 1510 1479 praedicti,
1538 1416 1653 1479 per
1681 1417 1798 1461 nos
1830 1395 1935 1461 vel
1964 1396 2123 1460 haer:
2144 1401 2396 1461 nostros
2427 1397 2578 1460 inde

306 1493 798 1558 occasionentur
825 1495 896 1557 in
925 1494 1163 1578 aliquo,
1193 1495 1300 1561 vel
1327 1502 1677 1579 graventur
1697 1520 1787 1559 :-
1802 1495 2013 1560 Salvis
2035 1502 2253 1560 tamen
2284 1495 2578 1579 capitali-

303 1590 427 1655 bus
457 1591 645 1656 D’nis
689 1592 863 1657 feodi
908 1594 1088 1659 illius
1130 1594 1413 1659 servitiis
1458 1594 1615 1658 inde
1659 1594 1900 1659 debitis
1946 1600 2014 1659 et
2057 1593 2400 1661 consuetis.
2496 1594 2577 1658 In

303 1689 490 1773 cujus
520 1712 566 1755 r.
598 1696 643 1755 t.
675 1699 794 1756 etc.
884 1693 1071 1758 Teste
1100 1693 1291 1777 Rege,
1321 1693 1496 1776 apud
1525 1692 1799 1757 Westm.
1831 1694 1903 1756 xi
1931 1693 2035 1758 die
2063 1694 2108 1758 J
2112 1694 2269 1757 unii.

377 1851 894 1918 DLXXXVIII.
942 1852 1176 1919 Omns.
1228 1861 1263 1917 2
1297 1854 1475 1917 Enw.
1509 1870 1621 1932 111.,
1652 1875 1732 1917 m.
1771 1860 1866 1917 21.
1958 1855 2098 1917 Pao
2129 1855 2401 1917 ΑΒΒΑΤΕ
2432 1869 2518 1917 na

822 1954 1169 2031 Wm'rnssv,
1201 1970 1286 2018 Da
1315 1953 1677 2017 meAmo
1708 1969 2054 2017 amenum.

392 2076 531 2141 Rex
577 2077 960 2142 Vicecomiti
999 2079 1207 2155 Ebor.,
1254 2078 1548 2143 salutem.
1640 2078 1805 2142 Cum
1864 2097 1979 2160 per
2021 2081 2263 2140 cartam
2305 2076 2577 2139 Domini

306 2174 600 2252 Henrici,
643 2177 970 2260 quondam
1015 2177 1208 2262 Regis
1237 2177 1512 2260 Angliae,
1558 2176 1780 2260 proavi
1825 2175 2048 2252 nostri,
2077 2194 2275 2258 quam
2315 2174 2576 2258 inspex-

300 2273 494 2350 imus,
513 2295 885 2340 concessum
910 2281 1010 2340 est
1028 2276 1270 2340 Abbati
1289 2277 1369 2341 de
1387 2275 1702 2359 Whiteby
1725 2275 1898 2357 quod
1919 2275 2075 2358 ipse,
2090 2280 2155 2339 et
2177 2294 2573 2339 successores

302 2371 407 2434 sui
451 2373 944 2458 imperpetuum,
972 2375 1238 2439 habebit
1282 2375 1619 2440 viridarios
1665 2395 1818 2439 suos
1862 2373 2157 2458 proprios
2193 2372 2265 2436 in
2310 2373 2574 2438 Foresta

302 2471 385 2535 de
428 2471 762 2557 Whiteby,
805 2481 871 2539 et
921 2473 1094 2558 quod
1144 2473 1343 2538 iidem
1392 2472 1686 2537 viridarii
1728 2493 2003 2557 quorum
2054 2491 2218 2555 opus
2262 2471 2461 2536 fuerit
2503 2471 2574 2535 in

302 2570 497 2655 pleno
533 2573 860 2638 Comitatu
904 2580 1124 2638 nostro
1167 2574 1376 2650 Ebor.,
1419 2580 1615 2657 prout
1658 2573 1858 2638 moris
1902 2577 2018 2649 est,
2061 2570 2401 2656 eligantur,
2444 2592 2575 2656 qua

298 2670 566 2754 quidem
611 2671 911 2737 libertate
953 2673 1130 2738 idem
1174 2673 1415 2749 Abbas,
1459 2678 1526 2737 et
1569 2671 2074 2756 praedecessores
2117 2671 2240 2749 sui,
2284 2671 2575 2735 Abbates

297 2770 590 2853 ejusdem
636 2770 778 2848 loci,
820 2792 1071 2855 semper
1113 2771 1430 2836 hactenus
1475 2792 1514 2835 a
1559 2776 1850 2854 tempore
1895 2770 2325 2836 confectionis
2374 2779 2570 2834 cartae

294 2869 625 2953 praedictae
667 2870 1143 2935 rationabiliter
1185 2870 1287 2935 usi
1339 2876 1512 2946 sunt,
1556 2870 1728 2934 sicut
1772 2869 2028 2947 dicitur,
2074 2891 2150 2934 ac
2194 2869 2570 2934 Willelmus

300 2975 438 3034 atte
490 2968 723 3033 Halle²
773 2969 854 3035 de
904 2969 1236 3053 Whiteby,
1289 2990 1495 3053 nuper
1544 2990 1715 3034 unus
1775 2968 2227 3033 viridariorum
2288 2969 2341 3031 F
2341 2975 2569 3034 orestae

294 3066 639 3150 praedictae,
662 3068 833 3132 diem
863 3068 1169 3133 clauserit
1198 3075 1561 3132 extremum
1592 3073 1668 3131 ut
1686 3067 2055 3151 accepimus
2076 3067 2325 3132 z—Tibi
2347 3067 2569 3151 praeci-

292 3165 512 3251 pimus
557 3167 729 3250 quod
757 3168 816 3232 si
845 3167 941 3232 ita
970 3173 1086 3245 est,
1116 3173 1273 3232 tunc
1304 3168 1374 3231 in
1403 3166 1597 3250 pleno
1631 3166 1963 3231 Comitatu
2007 3171 2141 3242 tuo,
2171 3165 2253 3229 de
2297 3186 2568 3231 assensu

295 3265 588 3348 ejusdem
617 3266 998 3343 ComitatuS,
1020 3266 1159 3330 loco
1178 3265 1384 3350 ipsius
1402 3263 1724 3329 Willelmi
1744 3285 1947 3327 unum
1967 3263 2168 3327 alium
2191 3263 2567 3327 viridarium

293 3363 450 3447 eligi
479 3364 753 3442 faciatis,
781 3364 912 3449 qui,
929 3365 1221 3449 praestito
1251 3369 1669 3440 sacramentO,
1698 3370 1892 3446 prout
1921 3361 2116 3426 moris
2149 3367 2265 3437 est,
2294 3382 2376 3426 ex
2407 3370 2567 3428 tunc

295 3482 374 3526 ea
425 3462 626 3527 faciat
671 3468 737 3527 et
780 3471 1120 3528 conservet
1163 3484 1309 3548 quae
1353 3462 1434 3527 ad
1479 3461 1761 3526 officium
1791 3460 2081 3525 viridarii
2123 3460 2454 3544 pertinent
2495 3461 2567 3524 in

293 3562 560 3626 Foresta
603 3562 951 3645 praedicta:
996 3569 1066 3627 et
1103 3562 1299 3627 talem
1330 3582 1478 3626 eum
1510 3560 1667 3647 eligi
1696 3561 1951 3625 faciatis
1980 3559 2094 3644 qui
2125 3559 2360 3625 melius
2403 3560 2566 3625 sciat

288 3666 357 3725 et
379 3660 585 3744 possit
603 3660 810 3725 officio
829 3660 930 3724 illi
954 3660 1321 3726 intendere:
1368 3666 1435 3724 et
1465 3681 1701 3724 nomen
1721 3661 1861 3744 ejus
1885 3660 2070 3726 nobis
2100 3659 2260 3725 sciie
2290 3659 2562 3726 faciatis.

297 3759 488 3825 Teste
522 3759 713 3843 Rege,
743 3758 916 3844 apud
946 3760 1270 3825 Evesham
1305 3765 1383 3823 25
1408 3760 1584 3827 June
1616 3758 1864 3843 [1328J.

1204 3921 1651 3985 DLXXXIX.

378 4046 770 4131 Compotus³
798 4047 1071 4111 fratrum
1103 4044 1419 4130 Stephani
1448 4045 1530 4109 de
1561 4044 1874 4128 Ormesby
1907 4051 1975 4110 et
2004 4044 2181 4109 Will.
2216 4044 2295 4110 de
2317 4045 2559 4141 Dalton

287 4146 371 4209 de
424 4146 633 4210 officio
685 4145 992 4223 Bursarii‚
1038 4166 1078 4210 a
1121 4146 1288 4211 festo
1332 4145 1393 4209 S.
1440 4144 1715 4209 Martini
1758 4144 1829 4208 in
1873 4145 2123 4228 hyeme,
2167 4145 2362 4209 Anno
2408 4147 2563 4210 D’ni

356 4254 376 4287 ι

356 4339 378 4373 ²
411 4274 666 4392 {tzmfioffl
707 4343 755 4401 9,
792 4343 871 4402 11,
910 4343 989 4403 12,
1018 4342 1102 4402 20,
1129 4342 1251 4403 468,
1278 4340 1399 4401 477,
1427 4338 1532 4389 and
1557 4341 1676 4395 479.
1753 4339 1839 4389 He
1864 4338 1909 4389 ia
1930 4338 2137 4404 usually
2162 4338 2332 4389 called
2359 4346 2391 4367 ‘⁸
2411 4340 2557 4392 Will.

281 4423 350 4474 de
377 4423 520 4473 Aula
542 4423 610 4474 de
634 4421 942 4489 Whiteby,''
967 4424 1023 4474 in
1050 4422 1205 4474 Latin
1224 4442 1239 4485 ;
1281 4423 1582 4473 sometimes
1608 4422 1662 4471 in
1690 4422 1909 4484 Freneh,
1942 4427 1975 4450 ‘⁸
1992 4420 2060 4471 de
2084 4420 2138 4471 la
2161 4421 2281 4473 Sale
2302 4420 2347 4485 ;’‘
2373 4423 2478 4474 and
2502 4441 2561 4475 as

283 4506 427 4568 here,
453 4505 528 4571 by
552 4506 636 4557 hin
659 4507 847 4572 purely
874 4506 1093 4574 English
1118 4505 1465 4573 designation,
1498 4510 1531 4534 ‘⁴
1549 4510 1663 4556 atto
1692 4504 1845 4556 Helle
1869 4504 1935 4555 de
1955 4503 2262 4569 Whiteby.”

353 4588 377 4623 ³
414 4589 528 4641 The
564 4590 715 4642 three
752 4590 1142 4651 account-rolla,
1187 4590 1241 4639 of
1277 4589 1450 4639 which
1487 4589 1662 4655 copies
1700 4605 1786 4639 are
1811 4587 1969 4656 given
1993 4587 2163 4638 under
2184 4587 2295 4638 this
2317 4590 2541 4640 number
