3254 5140
597 555 721 613 640
942 565 1490 618 CARTULARIUM
1528 564 1937 617 ABBATHIAE
1975 565 2071 617 DE
2106 565 2481 619 WHITEBY.

578 728 859 793 Eskedal
910 736 975 794 et
1026 730 1321 814 Sleghtes
1368 730 1555 814 (239)
1601 751 1716 813 per
1759 750 1988 795 manus
2033 732 2401 796 tenentium
2445 732 2688 797 ibidem
2716 732 2862 795 ubi-

580 849 836 912 cunque
864 829 1161 907 voluerit,
1191 831 1273 895 ad
1304 831 1546 894 festum
1588 829 2003 895 Pentecostes
2033 836 2099 895 et
2130 831 2191 896 S.
2224 832 2498 896 Martini
2539 831 2610 895 in
2654 851 2864 916 yeme,

579 948 696 1012 per
739 929 1017 1013 aequales
1068 935 1300 1013 partes,
1346 949 1461 1013 pro
1510 929 1811 993 omnibus
1856 949 2002 1013 quae
2044 930 2117 993 in
2159 931 2437 1015 pecunia
2464 930 2671 995 eidem
2716 950 2860 1014 per-

577 1029 788 1093 tinere
817 1035 1141 1113 poterunt.
1235 1030 1322 1093 Et
1350 1029 1548 1093 etiam
1574 1029 1889 1113 percipiat
1918 1029 1998 1093 de
2027 1031 2358 1094 communi
2386 1038 2717 1095 vesturam
2746 1050 2864 1113 pro

579 1135 755 1194 statu
799 1149 915 1193 suo
962 1129 1316 1193 decentem.
1407 1129 1732 1212 Percipiat
1775 1129 1993 1205 etiam,
2022 1149 2138 1212 pro
2167 1129 2414 1194 valetto
2457 1149 2576 1194 suo
2620 1134 2688 1193 et
2730 1149 2863 1192 uno

580 1229 875 1313 garcione
927 1228 1087 1293 duas
1138 1228 1325 1292 robas
1377 1227 1458 1293 de
1510 1227 1891 1293 liberatione
1951 1229 2243 1307 Abbatis‚
2295 1230 2407 1293 vel
2464 1230 2661 1294 etiam
2723 1249 2862 1291 xxv

579 1328 817 1392 solidos
870 1328 1120 1412 argenti
1179 1349 1293 1411 pro
1344 1328 1518 1391 robis
1569 1328 1803 1392 valetti
1847 1336 1915 1391 et
1964 1329 2281 1411 garcionis
2340 1329 2635 1412 ejusdem
2680 1328 2863 1398 omni

578 1448 750 1492 anno
808 1446 936 1509 quo
994 1426 1215 1490 Abbas
1277 1426 1505 1491 domus
1565 1427 1621 1509 ej
1629 1427 1853 1491 usdem
1927 1427 2376 1492 liberationem
2420 1477 2680 1493 .....
2727 1447 2861 1490 non

581 1525 951 1610 praestiterit
972 1546 1219 1609 :—quae
1278 1526 1542 1609 quidem
1616 1528 1834 1591 omnia
1906 1526 2319 1610 percipienda
2364 1527 2446 1591 de
2508 1527 2740 1592 celario
2792 1533 2861 1589 et

582 1624 857 1708 coquina
908 1622 1080 1688 idem
1126 1623 1324 1688 frater
1373 1623 1651 1688 Thomas
1706 1626 2021 1708 percipiat
2078 1645 2195 1709 per
2250 1646 2319 1690 se
2378 1631 2446 1690 et
2490 1645 2640 1690 suos
2699 1646 2859 1709 quo-

580 1723 740 1787 libet
800 1722 920 1799 die,
965 1721 1072 1787 vel
1124 1722 1324 1787 semel
1367 1724 1439 1787 in
1485 1724 1860 1801 ebdomada,
1910 1731 2104 1808 prout
2154 1725 2280 1789 sibi
2330 1723 2569 1789 viderit
2625 1725 2860 1789 melius

580 1820 899 1906 expedire.
969 1822 1139 1886 Item
1163 1822 1398 1886 habeat
1421 1823 1634 1888 dictus
1662 1824 1856 1888 frater
1885 1824 2161 1889 Thomas
2190 1844 2401 1900 usum,
2430 1825 2860 1900 usufructum,

581 1928 648 1986 et
677 1942 933 1987 omnem
958 1922 1309 1987 utilitatem
1340 1923 1612 1988 manerii
1643 1923 1722 1987 de
1747 1924 2084 2001 Eskedale‚
2113 1930 2191 1988 ut
2233 1925 2302 1988 in
2334 1923 2644 2001 aedificiis,
2672 1924 2860 1988 terris

583 2022 984 2098 arrabih'buS,
1043 2023 1265 2106 pratia
1330 2028 1396 2087 et
1469 2023 1706 2087 clausis
1766 2023 2262 2107 quibuscunque
2328 2023 2500 2088 dicto
2573 2022 2859 2086 manerio

581 2123 1044 2206 spectantibu8‚
1089 2122 1173 2186 ad
1216 2127 1418 2186 totam
1463 2123 1671 2187 vitam
1723 2143 1944 2187 suam:
1989 2123 2097 2187 Ita
2140 2123 2313 2207 quod
2357 2122 2594 2188 habeat
2635 2142 2859 2186 omnes

580 2230 930 2305 proventus
976 2229 1044 2287 et
1087 2221 1301 2287 exitus
1346 2221 1426 2285 de
1469 2221 1663 2286 dictis
1708 2223 1896 2287 terris
1943 2228 2009 2286 et
2053 2223 2277 2306 pratia,
2308 2227 2375 2286 et
2417 2222 2593 2305 quod
2634 2222 2859 2286 Fores-

581 2322 800 2398 tarius,
859 2341 1052 2404 quem
1100 2321 1327 2385 Abbas
1381 2321 1461 2384 de
1513 2321 1825 2405 Whiteby
1877 2342 1994 2406 pro
2039 2321 2332 2386 custodia
2389 2321 2568 2386 bosci
2627 2321 2728 2385 sui
2786 2321 2856 2383 in

582 2419 899 2483 Eskedale
930 2419 1192 2484 duxerit
1236 2419 1578 2502 assignare,
1622 2421 1994 2504 sumptibus
2025 2420 2186 2485 dicti
2219 2420 2494 2485 Abbatis
2529 2420 2601 2483 in
2630 2419 2858 2484 libera-

583 2519 760 2583 tione
790 2517 969 2582 bladi
999 2526 1067 2583 et
1097 2518 1250 2583 roba
1280 2518 1522 2583 ibidem
1553 2519 1960 2600 inveniatur3
2005 2527 2072 2586 et
2115 2520 2288 2585 idem
2328 2521 2537 2585 D’nus
2581 2518 2858 2584 Thomas

586 2616 900 2701 percipiat
957 2618 1037 2682 de
1104 2619 1296 2682 bosco
1371 2618 1441 2680 in
1502 2618 1789 2684 Eskedal
1846 2641 1962 2703 pro
2020 2620 2312 2684 aedificiis
2371 2620 2533 2684 dicti
2589 2621 2864 2684 manerii

583 2716 1022 2781 sustentandis
1069 2725 1135 2781 et
1179 2717 1568 2800 reparandis,
1599 2723 1665 2782 et
1709 2720 1909 2783 etiam
1952 2721 2195 2783 ferrum
2223 2720 2304 2784 de
2335 2720 2682 2796 communi,
2710 2740 2857 2783 cum

585 2816 883 2880 omnibus
947 2817 1321 2881 necessariis
1380 2837 1495 2901 pro
1559 2820 1805 2883 carucis
1865 2826 1932 2883 et
1989 2819 2297 2904 plaustris
2348 2819 2509 2883 dicti
2572 2820 2863 2894 manerii,

583 2923 650 2980 et
700 2916 896 2980 etiam
959 2917 1368 2981 rationabilia
1429 2919 1745 2983 estoveria
1806 2939 1924 2983 sua
1982 2920 2063 2984 ad
2126 2917 2632 2984 comburendum
2690 2920 2861 2983 infra

585 3016 938 3079 Abbatiam
1012 3016 1091 3080 de
1151 3016 1482 3100 Whiteby,
1542 3024 1609 3082 et
1669 3018 1739 3081 in
1800 3018 1974 3083 dicto
2032 3021 2319 3084 manerio
2385 3019 2465 3083 de
2523 3018 2858 3096 Eskedale‚

585 3115 952 3199 sumptibus
1025 3116 1162 3180 suis
1235 3116 1623 3182 succidenda
1682 3124 1747 3182 et
1821 3119 2123 3183 carianda
2196 3120 2478 3184 omnin0.
2599 3118 2860 3183 Habeat

586 3216 782 3278 etiam
842 3237 931 3279 xv
990 3223 1266 3280 carratas
1320 3217 1654 3281 turbarum
1713 3218 2052 3282 annuatim
2110 3218 2186 3282 ad
2251 3224 2459 3284 costas
2510 3219 2855 3286 eorundem

588 3313 1049 3397 Religiosorum
1125 3313 1589 3392 fodiendarum,
1650 3323 1718 3380 et
1785 3316 1958 3399 apud
2016 3316 2331 3401 Whiteby
2396 3319 2856 3383 cariandarum.

586 3413 907 3495 Percipiat
974 3412 1170 3476 etiam
1228 3433 1344 3496 per
1400 3433 1633 3478 manus
1693 3414 1988 3479 Sacristae
2045 3415 2124 3479 de
2184 3416 2511 3502 Whiteby,
2570 3419 2683 3501 qui
2743 3438 2858 3501 pro

585 3520 871 3594 tempore
915 3511 1126 3588 fuerit,
1171 3518 1302 3576 tres
1346 3511 1543 3577 libras
1578 3532 1738 3577 cerae
1781 3514 1863 3578 ad
1903 3514 2142 3578 festum
2187 3515 2248 3580 S.
2281 3515 2624 3581 Michaelis
2654 3537 2858 3581 annu-

588 3611 767 3686 atim,
829 3614 895 3672 et
961 3610 1159 3673 etiam
1225 3610 1305 3674 de
1367 3630 1617 3675 camera
1676 3613 1953 3677 Abbatia
2020 3613 2242 3678 decem
2309 3613 2506 3680 libras
2573 3615 2856 3680 candelae

590 3707 969 3773 Parisiensis
1013 3707 1095 3772 ad
1126 3709 1366 3773 festum
1411 3708 1724 3774 Omnium
1776 3711 2160 3776 Sanctorum
2204 3732 2319 3797 pro
2369 3712 2674 3778 luminari
2731 3715 2857 3779 sibi

587 3808 1011 3874 convenienti.
1101 3808 1363 3873 Habeat
1391 3809 1586 3873 etiam
1617 3811 2051 3893 equitaturam
2080 3811 2205 3876 sibi
2233 3817 2301 3876 et
2329 3812 2464 3876 suis
2494 3820 2858 3897 competen-

586 3916 721 3973 tem
751 3909 831 3973 de
859 3908 1174 3992 Whiteby
1202 3909 1375 3992 apud
1419 3909 1757 3986 Eskedale‚
1797 3916 1865 3975 et
1907 3915 2094 3988 retr0,
2121 3915 2409 3995 tempore
2452 3932 2582 3995 quo
2625 3914 2858 3978 exinde

587 4029 655 4073 se
699 4009 1040 4072 transferre
1084 4006 1378 4072 voluerit.
1471 4008 1794 4091 Percipiat
1837 4009 2034 4073 etiam
2079 4008 2158 4074 de
2202 4009 2435 4074 celario
2479 4016 2546 4075 et
2584 4012 2860 4094 coquina

586 4128 702 4191 pro
732 4107 956 4172 amicis
986 4106 1138 4183 suis,
1169 4107 1226 4171 si
1267 4126 1460 4189 quem
1490 4107 1733 4171 ibidem
1764 4107 2083 4173 declinare
2128 4109 2485 4192 contigerit,
2516 4115 2708 4194 prout
2746 4111 2860 4174 alii

587 4206 890 4289 hospites,
932 4206 1286 4270 secundum
1332 4210 1576 4270 statum
1619 4226 1859 4284 eorum,
1902 4207 1973 4270 in
2001 4206 2286 4272 Abbatia
2328 4208 2700 4292 percipient,
2743 4229 2860 4274 seu

586 4305 909 4387 percipere
954 4311 1438 4369 consueverunt.
1528 4306 1615 4368 Et
1662 4326 1856 4389 super
1898 4306 2198 4371 omnibus
2250 4307 2571 4372 contentis
2621 4308 2694 4371 in
2735 4308 2859 4373 hac

585 4403 984 4466 ordinatione
1036 4411 1254 4468 nostra
1305 4404 1650 4487 praedictus
1704 4404 2077 4470 Conventus
2128 4405 2337 4488 ipsam
2390 4406 2860 4472 ordinationem

583 4501 1012 4586 approband0‚
1069 4523 1265 4585 quam
1324 4504 1451 4567 cito
1504 4505 1836 4569 commode
1895 4505 2149 4588 poterit,
2200 4506 2396 4573 faciat
2447 4506 2862 4571 securitatem
