3254 5140
748 561 1294 614 CARTULARIUM
1332 563 1737 616 ABBATHIAE
1772 564 1872 616 DE
1904 566 2274 618 WHITEBY.
2520 554 2643 612 487

366 722 539 801 dum,
569 725 769 791 iidem
814 727 1034 791 Abbas
1080 733 1145 792 et
1191 728 1408 804 Conv.,
1438 728 1711 813 aliaeque
1740 751 2027 813 personae
2058 731 2216 795 dicti
2248 729 2651 807 Monasterii,

364 826 673 906 tanquam
717 846 866 890 oves
913 832 1197 890 errantes
1241 848 1373 910 prae
1418 828 1640 910 inopia
1685 828 2147 913 dispergentur.
2242 830 2647 913 Quapropter

363 920 583 987 Abbas
630 933 696 988 et
742 925 939 990 Conv.
970 926 1264 1008 praedicti
1309 925 1390 989 ad
1433 926 1622 990 dictae
1655 927 1837 992 Sedis
1869 929 2401 1011 circumspectam
2430 928 2643 1010 provi-

363 1020 651 1086 dentiam
673 1033 1088 1101 recurrenteS,
1113 1025 1295 1088 nobis
1328 1024 1665 1089 humiliter
1695 1026 2143 1110 supplicarunt
2171 1035 2247 1090 ut
2275 1046 2390 1110 pro
2419 1025 2642 1108 hujus-

360 1119 536 1183 modi
566 1122 700 1185 suis
731 1124 1315 1207 neces[sitatibus]1
1361 1174 1374 1186 .
1422 1174 1434 1187 .
1483 1173 1496 1186 .
1545 1125 1732 1208 (148)
1775 1126 1833 1188 si
1862 1126 1958 1189 ita
1988 1134 2104 1202 est,
2133 1146 2275 1189 eam
2306 1125 2640 1189 ecclesiam

361 1217 440 1282 de
474 1220 752 1299 Semara,
774 1243 923 1286 cum
955 1244 1122 1288 omn.
1148 1224 1404 1306 juribus
1437 1229 1503 1286 et
1530 1231 1691 1306 pert.
1723 1225 1879 1302 suis,
1901 1225 2145 1288 Abbati
2175 1233 2241 1289 et
2273 1224 2639 1289 Conventui

361 1321 730 1384 memoratis
775 1322 1159 1385 auctoritate
1196 1328 1415 1385 nostra
1445 1323 1774 1399 concedaS,
1805 1344 1919 1406 per
1948 1344 2054 1387 eos
2085 1324 2351 1408 imperp.
2384 1325 2453 1387 in
2483 1343 2638 1387 usus

359 1418 647 1499 proprios
666 1420 1087 1496 retinendam,
1109 1420 1608 1492 contradictores
1631 1441 1746 1504 per
1768 1442 2101 1486 censuram
2126 1422 2641 1497 ecclesiasticam,

360 1516 790 1598 appellatione
821 1519 1198 1601 postposita,
1229 1521 1691 1602 compescendo
1712 1517 1753 1584 :2
1805 1521 2067 1585 Eisdem
2099 1522 2342 1586 Abbati
2373 1529 2438 1585 et
2469 1521 2638 1584 Con-

358 1616 585 1678 ventui
628 1616 1085 1681 nichilominus
1131 1619 1580 1683 auctoritatem
1623 1619 1998 1702 praedictam
2036 1620 2116 1684 de
2146 1620 2407 1704 speciali
2434 1619 2640 1703 gratia

358 1715 780 1792 concedendo,
827 1723 902 1779 ut
945 1717 1150 1800 ipsius
1195 1716 1479 1780 ecclesiae
1526 1717 1811 1795 Rectore,
1842 1719 1954 1802 qui
2002 1740 2173 1783 nunc
2219 1727 2336 1795 est,
2368 1717 2637 1781 cedente

357 1812 462 1876 vel
535 1815 730 1878 etiam
791 1816 1153 1893 decedente,
1204 1817 1672 1899 possessionem
1727 1818 2011 1900 ejusdem
2072 1818 2357 1882 ecclesiae
2417 1838 2636 1900 appre-

354 1910 634 1977 hendere
685 1914 884 1978 libere
930 1915 1309 1979 auctoritate
1355 1916 1611 1998 propria
1656 1915 1932 1993 valeant,
1984 1937 2058 1980 ac
2104 1917 2299 1980 etiam
2344 1916 2636 1991 retinere,

355 2017 469 2074 tua
515 2012 621 2076 vel
673 2014 936 2078 alterius
989 2015 1431 2097 cujuscunque
1475 2015 1740 2079 licentia
1784 2016 2051 2079 minime
2081 2015 2392 2098 requisita
2411 2038 2427 2093 ;
2473 2013 2631 2077 alias

346 2112 492 2193 jure
538 2118 669 2190 tu0,
699 2121 764 2178 et
808 2113 1156 2197 cujuslibet
1195 2113 1479 2190 alterius,
1509 2114 1580 2176 in
1610 2114 1910 2178 omnibus
1941 2135 2191 2197 semper
2221 2114 2433 2177 salvo:
2480 2113 2542 2175 N
2547 2133 2630 2175 on

352 2211 650 2277 obstante
709 2214 764 2276 si
812 2213 1015 2296 aliqui
1067 2233 1260 2297 super
1309 2213 1720 2297 provisionis⁸
1779 2213 1905 2277 sibi
1956 2214 2224 2277 faciend.
2281 2212 2361 2277 de
2409 2213 2630 2295 hujus-

353 2311 530 2374 modi
574 2313 876 2390 ecclesiis,
907 2313 1014 2377 vel
1059 2312 1205 2377 aliis
1236 2313 1566 2377 beneficiis
1597 2312 2045 2377 ecclesiasticis
2075 2313 2146 2375 in
2176 2312 2307 2376 illis
2337 2312 2629 2396 partibus

349 2412 676 2494 generales
720 2412 827 2476 vel
872 2412 1179 2496 speciales
1226 2412 1413 2476 dictae
1444 2413 1649 2490 Sedis,
1678 2412 1784 2477 vel
1814 2412 2169 2496 legatorum
2200 2413 2358 2495 ejuS,
2381 2412 2629 2476 litteras

353 2530 512 2593 quas
557 2512 639 2576 ad
684 2511 834 2578 eccl.
865 2512 1237 2595 praedictam
1269 2512 1532 2576 extendi
1565 2511 1866 2576 nolumus
1896 2511 2400 2595 impetraverint,
2432 2511 2627 2575 etiam

353 2609 410 2671 si
468 2630 581 2693 per
640 2610 778 2675 eas⁴
837 2609 1053 2694 (148b)
1115 2660 1128 2673 .
1192 2661 1205 2674 .
1268 2660 1281 2675 .
1343 2611 1619 2675 Abbatis
1682 2618 1748 2674 et
1809 2611 2007 2675 Conv.
2067 2611 2627 2694 praesentationem

353 2708 750 2774 instituendo
791 2710 861 2773 in
892 2710 1039 2774 ech
1074 2710 1441 2794 supradicta
1471 2710 1622 2774 ibid.
1655 2718 1965 2794 perpetuo
1996 2711 2326 2788 servituro,
2351 2730 2628 2793 congrua

350 2810 559 2891 portio
604 2817 979 2886 reservetur,
1025 2810 1104 2873 eri
1157 2830 1285 2893 qua
1338 2809 1668 2873 commode
1713 2810 2064 2873 sustentari
2102 2810 2333 2885 valeat,
2365 2816 2431 2873 et
2461 2809 2625 2892 epis·

350 2910 599 2993 copalia
649 2912 796 2994 jura
856 2910 1117 2987 solvere,
1169 2910 1422 2994 aliaque
1481 2910 1923 2975 incumbentia
1982 2931 2172 2975 onera
2231 2916 2624 2994 supportare.

351 3008 488 3073 Nos
512 3011 686 3074 enim
709 3010 963 3074 irritum
988 3010 1386 3074 decernimus
1410 3015 1475 3073 et
1504 3010 1698 3073 inane
1729 3010 1785 3073 si
1816 3030 1999 3074 secus
2029 3030 2221 3092 super
2249 3009 2370 3073 hoc
2400 3029 2438 3072 a
2469 3030 2624 3092 quo-

351 3129 545 3190 quam
565 3109 825 3191 quavis⁵
850 3159 863 3174 .
884 3160 897 3172 .
924 3160 937 3173 .
961 3109 1303 3193 contigerit
1320 3109 1661 3172 attemtari.
1737 3109 1984 3172 Datum
2003 3109 2326 3184 Avinion'‚
2346 3109 2623 3173 Kalend.

350 3208 395 3271 J
400 3208 555 3284 unii,
614 3209 1038 3273 Pontificatus
1084 3209 1289 3272 nostri
1332 3208 1621 3291 septimo
1714 3207 1966 3271 Vestris
2011 3228 2160 3272 vero
2205 3208 2623 3291 subdeligatis

349 3326 463 3371 seu
523 3309 992 3385 commissariiS,
1036 3308 1548 3391 quamplurimiS,
1593 3313 1708 3371 aut
1758 3307 1892 3384 uni,
1941 3307 2094 3390 Eg0,
2124 3306 2496 3370 Willelmus
2543 3306 2624 3370 de

350 3407 811 3491 Hunmandby,
844 3407 1146 3485 Clericus,
1176 3409 1555 3471 Procurator
1599 3406 2067 3491 Religiosorum
2113 3407 2413 3481 virorum,
2454 3405 2619 3470 Abb.

347 3514 413 3572 et
445 3507 638 3571 Conv.
674 3509 949 3572 Monast.
982 3508 1061 3572 de
1084 3507 1415 3592 Whiteby,
1444 3513 1676 3571 vestrae
1705 3506 2045 3582 dioceseOS,
2064 3506 2177 3589 qui
2207 3505 2321 3568 diu
2350 3504 2418 3568 in
2449 3505 2618 3569 Eccl.

420 3684 438 3714 ²
472 3684 583 3734 The
622 3701 789 3750 upper
824 3685 938 3735 half
973 3684 1028 3735 of
1059 3684 1154 3735 the
1179 3683 1308 3735 folio
1334 3683 1623 3734 numbered
1654 3686 1747 3735 141
1783 3684 1829 3734 is
1852 3687 1973 3733 torn
1999 3699 2170 3748 away,
2198 3681 2303 3731 and
2327 3681 2501 3733 leaves
2528 3682 2621 3732 the

344 3768 453 3819 last
489 3769 636 3819 word
671 3775 729 3819 at
765 3769 859 3820 the
896 3769 1012 3820 foot
1048 3770 1103 3820 of
1140 3768 1234 3819 the
1269 3768 1552 3834 preceding
1589 3767 1693 3818 leaf
1727 3768 2019 3830 imperfect.
2117 3767 2174 3817 It
2212 3783 2318 3817 was
2360 3766 2620 3832 probably

344 3851 601 3986 ag²mTlli²ee
622 3856 767 3986 &dtr-ll
805 3935 851 3985 is
886 3935 1111 3985 difficult
1145 3938 1203 3985 to
1227 3933 1492 3999 decipher.
1565 3933 1680 3984 The
1705 3934 1811 3984 last
1836 3932 1918 3984 six
1943 3932 2128 3983 letters
2153 3948 2242 3983 are
2267 3932 2419 3994 clear,
2447 3948 2505 3983 as
2529 3949 2617 3982 are

343 4019 454 4070 also
496 4019 591 4070 the
628 4025 738 4069 two
774 4019 905 4080 first,
950 4017 1045 4068 the
1083 4018 1266 4069 others
1307 4021 1403 4067 not
1444 4033 1515 4068 so.
1591 4017 1704 4067 The
1746 4016 1964 4082 reading
2005 4016 2234 4081 adopted
2277 4015 2322 4065 is
2359 4016 2617 4082 probably

343 4102 505 4169 right,
535 4102 641 4152 and
665 4102 815 4168 gives
837 4101 931 4152 the
955 4102 1208 4169 requisite
1233 4117 1396 4152 sense.

414 4184 436 4219 ³
471 4185 582 4235 The
617 4201 781 4245 sense,
810 4184 950 4235 from
986 4185 1080 4236 the
1115 4185 1304 4234 lacuna
1339 4184 1647 4234 occasioned
1683 4183 1757 4248 by
1793 4182 1887 4234 the
1923 4182 2247 4232 abstraction
2284 4182 2340 4232 of
2374 4183 2466 4233 the
2505 4184 2618 4234 half

340 4267 464 4329 leaf,
490 4268 707 4332 already
732 4267 910 4331 noted,
936 4268 981 4318 is
1019 4267 1312 4333 imperfect,
1340 4267 1445 4317 and
1477 4267 1549 4317 all
1577 4267 1699 4318 that
1723 4283 1822 4317 can
1846 4265 1911 4316 be
1937 4266 2054 4316 said
2079 4266 2241 4316 about
2265 4265 2376 4316 this
2400 4268 2544 4317 word
2571 4268 2617 4318 is

338 4352 464 4402 that
486 4353 532 4402 it
554 4351 601 4401 is
625 4368 754 4416 very
779 4351 976 4417 clearly
999 4352 1231 4403 written.

412 4431 435 4467 ⁴
470 4434 744 4501 Wanting,
772 4436 909 4486 from
932 4436 1027 4487 the
1051 4451 1206 4486 cause
1228 4434 1406 4485 before
1430 4433 1657 4485 noticed.

412 4517 436 4552 ³
472 4521 523 4571 A
550 4519 696 4570 word
722 4535 780 4570 so
806 4519 1081 4586 obscurely
1102 4518 1334 4583 written,
1356 4518 1403 4568 it
1426 4518 1472 4568 is
1494 4517 1630 4568 hard
1655 4534 1787 4570 even
1812 4523 1871 4570 to
1896 4518 2117 4570 sur-mise
2144 4518 2289 4569 what
2313 4519 2358 4569 it
2382 4536 2504 4586 may
2532 4519 2611 4570 be.
