3254 5140
535 531 659 589 630
907 538 1449 592 CARTULARIUM
1486 535 1891 616 ABBA'rmAE
1927 537 2025 588 DE
2059 535 2434 588 WHITEBY.

532 706 792 789 cipuam
842 725 973 787 qua
1018 707 1302 768 errantes
1350 721 1646 766 revocare
1676 706 1972 765 tenemur
1999 720 2038 765 a
2066 699 2274 774 devie,
2316 706 2384 765 et
2428 700 2511 764 ad
2563 705 2810 765 statum

536 803 768 868 salutis
820 802 1164 867 salubriter
1212 801 1517 866 reducere
1574 806 1960 883 peccatores,
2071 799 2537 864 convertentes
2587 800 2812 883 itaque

531 903 847 966 intuitum
899 901 980 966 ad
1034 900 1464 965 miserabilem
1515 904 1763 963 statum
1805 899 1859 962 F
1860 898 2137 963 rancisci
2187 898 2268 962 de
2313 897 2589 974 Killum,
2639 918 2813 962 com-

535 1001 835 1065 monachi
863 1000 1079 1077 vestri,
1107 999 1240 1083 qui,
1268 998 1513 1082 fragilis
1544 997 1755 1062 carnis
1783 997 2089 1082 deceptus
2119 998 2470 1074 blanditiis,
2500 1018 2568 1062 se
2609 1018 2819 1081 nuper

536 1099 947 1164 dissolutioni
1016 1098 1331 1182 exposuit,
1390 1097 1749 1180 habituque
1808 1097 2083 1181 regulari
2143 1103 2382 1162 temere
2440 1097 2722 1172 dimism,
2774 1118 2817 1159 a

537 1198 930 1262 Monasterio
974 1196 1117 1280 ipso
1160 1197 1482 1273 recedens,
1512 1202 1691 1260 veste
1736 1195 2026 1260 saeculari
2069 1201 2420 1279 assumpta,
2463 1196 2536 1259 in
2580 1195 2816 1259 saeculo

534 1319 649 1380 per
699 1297 918 1381 aliqua
962 1303 1251 1379 tempora
1297 1296 1662 1379 vagabatur,
1708 1316 1790 1359 ex
1833 1294 2073 1378 quibus
2118 1295 2328 1359 labem
2374 1296 2699 1360 contraxit
2741 1295 2815 1358 iu

536 1396 752 1458 anima
774 1401 840 1460 et
860 1395 1168 1479 regularis
1188 1393 1554 1458 traditionis
1577 1394 2056 1458 observantiam
2087 1394 2457 1470 maculavit,
2478 1393 2816 1476 apostatiae

536 1496 800 1576 insuper
852 1500 1070 1556 notam
1126 1502 1192 1557 et
1235 1492 1495 1575 majoris
1554 1493 2239 1557 excommunicationis
2283 1493 2671 1557 sententiam
2714 1493 2817 1555 in-

537 1592 865 1669 currendo,
924 1590 1124 1656 saluti
1181 1592 1470 1675 ejusdem
1529 1597 1825 1676 prompte
1876 1592 2237 1675 prospicere
2295 1592 2681 1668 curavimus,
2732 1612 2817 1656 ne

537 1711 754 1756 errans
785 1690 923 1754 ovis
952 1691 1092 1755 sine
1117 1691 1243 1755 fine
1273 1696 1510 1774 pereat,
1534 1698 1600 1756 et
1630 1690 1892 1774 sanguis
1923 1691 2210 1774 ejusdem
2239 1710 2279 1754 a
2307 1690 2581 1774 pastoris
2611 1691 2819 1753 mani-

537 1790 659 1854 bus
719 1790 1095 1873 requiratur.
1209 1789 1411 1854 Vobis
1484 1789 1684 1872 igitur
1742 1789 2207 1854 committimus
2280 1797 2346 1854 et
2418 1788 2819 1866 mandamus,

540 1888 847 1972 quatinus
892 1889 1236 1972 praefatum
1281 1887 1815 1952 commonachum
1859 1895 2149 1954 vestrum
2192 1889 2275 1953 ad
2306 1909 2421 1953 vos
2464 1889 2535 1951 in
2578 1887 2812 1971 spiritu

538 1987 813 2051 contrito
844 1992 910 2051 et
938 1987 1173 2052 humili
1202 1986 1597 2065 redeuntem,
1627 1986 1686 2050 si
1731 1986 1911 2051 aliud
1941 1987 2323 2050 canonicum
2353 2008 2484 2051 non
2528 1986 2820 2062 obsistat,

540 2085 721 2150 salva
780 2086 851 2149 in
895 2087 1194 2163 omnibus
1246 2086 1585 2151 honestate
1631 2086 2056 2150 observantiae
2105 2085 2431 2170 regularia,
2475 2085 2552 2149 ad
2600 2085 2820 2149 sinum

540 2185 992 2250 misericordiae
1009 2186 1372 2250 admittatis
1397 2186 1585 2269 eique
1609 2185 1748 2268 ejus
1773 2185 2451 2250 excommunicationis
2481 2185 2823 2249 sententiae

540 2285 611 2348 in
629 2286 848 2349 forma
870 2286 1037 2367 juris
1067 2285 1494 2349 absolutionis
1525 2284 1910 2349 beneficium
1949 2283 2358 2369 impendatis,
2388 2290 2454 2348 et
2484 2305 2598 2367 pro
2629 2284 2822 2348 modo

544 2382 767 2446 delicti
798 2384 938 2466 ejus
982 2382 1338 2447 secundum
1373 2384 1729 2468 regularem
1774 2383 2184 2467 disciplinam
2214 2382 2568 2467 injungatis
2612 2384 2822 2467 poeni—

535 2482 810 2545 tentiam
841 2481 1209 2547 salutarem.
1286 2482 1536 2547 Valete.
1624 2483 1875 2546 Datum
1898 2482 2070 2567 apud
2094 2482 2347 2559 Cawod,
2370 2483 2439 2546 iv
2463 2482 2621 2546 Idus
2649 2483 2695 2547 J
2701 2482 2822 2546 ulii

541 2581 963 2645 Pontificatus
997 2581 1202 2645 nostri
1236 2581 1431 2645 Anno
1463 2589 1712 2665 quarto·

1189 2831 1500 2896 DXCIX.
1548 2831 1964 2916 (Grenefield‚
1998 2834 2164 2916 93¹0.)

628 2980 1000 3045 Willelmus
1019 2985 1138 3046 etc.
1158 2981 1412 3047 dilectis
1434 2984 1584 3048 filiis
1594 2984 1838 3048 Abbati
1857 2990 1923 3048 et
1943 2983 2141 3049 Oonv,
2154 2984 2381 3048 Mon’ii
2403 2985 2481 3048 de
2490 2984 2821 3069 Whiteby,

541 3101 612 3158 s.,
669 3100 759 3163 gr.
823 3085 887 3144 et
945 3081 1479 3148 benedictionem.
1597 3084 1782 3148 Inter
1840 3084 2315 3150 sollicitudines
2372 3085 2823 3151 incumbentes

541 3180 728 3245 nobis
757 3179 952 3244 officii
981 3181 1321 3264 pastoralis
1365 3182 1532 3246 illud
1560 3184 1965 3266 praecipuum
1993 3203 2131 3248 esse
2161 3183 2480 3248 credimus
2511 3190 2588 3249 ut
2613 3185 2822 3269 gregis

541 3280 872 3344 Dominici
902 3280 1089 3345 nobis
1119 3281 1346 3345 crediti
1377 3290 1662 3346 errantes
1693 3303 1844 3347 oves
1888 3282 1960 3346 in
1991 3283 2305 3366 [illeqible]
2337 3284 2419 3347 ad
2448 3285 2601 3349 vitae
2629 3285 2825 3362 viam,

542 3379 920 3461 priusquam
949 3379 1021 3441 in
1052 3378 1448 3463 profundum
1476 3380 1794 3444 malorum
1823 3381 2224 3464 proveniant,
2267 3382 2641 3447 studeamus
2685 3388 2825 3447 toto

543 3477 781 3541 mentis
826 3476 1160 3541 conamine
1204 3499 1515 3544 revocare.
1607 3479 1774 3544 Cum
1816 3479 2039 3563 itaque
2078 3480 2342 3545 fratrem
2386 3481 2698 3545 Thomam
2742 3482 2825 3546 de

546 3574 916 3652 Schirburn,
945 3576 1334 3640 monachum
1378 3578 1449 3640 in
1494 3578 1737 3641 Mon'io
1767 3578 1848 3642 de
1894 3578 2126 3662 Seleby
2155 3581 2534 3663 professum,
2577 3580 2826 3645 dudum

544 3674 614 3736 in
645 3674 869 3737 eodem
893 3674 1135 3737 Mon'io
1166 3674 1556 3740 visitationis
1578 3677 1861 3742 officium
1891 3684 2274 3757 exercentes,
2297 3680 2827 3763 comperissemus

544 3773 614 3835 in
659 3772 986 3855 aliquibus
1032 3774 1378 3838 excessisse
1408 3782 1632 3839 contra
1675 3776 1779 3839 sui
1823 3776 2065 3841 ordinis
2109 3778 2542 3862 disciplinam,
2571 3780 2825 3863 sibique

544 3877 810 3956 paterno
863 3873 1328 3956 compatientes
1381 3874 1617 3940 affectu
1677 3876 1748 3939 in
1794 3897 1912 3941 suo
1960 3877 2205 3941 Mon'io
2257 3878 2340 3942 ad
2386 3878 2824 3963 expiationem

545 3968 1031 4036 commissorum
1089 3977 1155 4037 et
1213 3972 1536 4038 cautelam
1582 3974 1849 4059 insuper
1899 3975 2263 4040 futurorum
2316 3977 2825 4060 injunxissemus

545 4070 754 4135 eidem
808 4091 958 4135 cum
1005 4071 1440 4137 moderamine
1489 4073 1708 4137 debito
1759 4075 2214 4158 poenitentiam
2266 4075 2634 4153 salutarem,
2685 4077 2827 4160 ipse

545 4169 822 4253 quadam
877 4170 1082 4233 animi
1139 4170 1410 4236 levitate
1455 4171 1726 4235 nimiam
1784 4172 2028 4237 habens
2081 4173 2386 4238 fiduciam
2434 4174 2504 4238 in
2557 4195 2826 4238 consan-

541 4269 794 4351 guineis
840 4276 907 4333 et
948 4270 1350 4353 propinquis,
1401 4270 1589 4354 quasi
1641 4292 1890 4355 ponens
1931 4272 2187 4337 carnale
2231 4272 2570 4337 brachium
2614 4294 2828 4351 suum,

542 4367 794 4448 abjecto
818 4368 975 4453 jugo
1007 4369 1389 4433 obedientias
1421 4376 1487 4434 et
1515 4371 1727 4453 ruptis
1750 4371 2030 4435 vinculis
2055 4371 2481 4436 observantiae
2512 4372 2824 4456 regularis

539 4486 576 4528 a
621 4484 738 4527 suo
785 4465 1027 4529 Mon'io
1072 4466 1240 4530 clam
1284 4469 1565 4545 recessit,
1591 4470 1859 4553 jamque
1890 4469 2017 4533 fuit
2046 4470 2117 4533 in
2162 4469 2401 4535 saeculo
2446 4491 2563 4555 per
2605 4471 2826 4555 aliqua
