3254 5140
750 602 1295 656 CARTULARIUM
1332 600 1742 655 ABBATHIAE
1777 604 1875 655 DE
1910 605 2282 658 WHITEBY.
2523 595 2639 653 631

375 775 678 851 tempora,
711 767 927 831 minus
956 767 1299 850 providens
1329 767 1399 830 in
1428 787 1560 832 suae
1604 767 1934 852 religionis
1963 770 2357 847 scandalum,
2387 791 2651 835 conver-

375 871 572 931 satus.
683 866 849 931 Cum
894 866 1093 950 igitur
1135 865 1307 930 idem
1353 866 1552 931 frater
1593 866 1889 945 Thomas,
1933 867 2157 932 divina
2199 874 2275 933 ut
2319 890 2649 953 speramus

374 965 583 1048 gratia
625 965 996 1048 inspiratus,
1022 963 1304 1028 labentis
1347 965 1567 1029 saeculi
1602 966 1963 1030 vanitatem
2005 968 2427 1050 conspicienS,
2456 974 2523 1033 et
2566 969 2650 1032 ad

376 1084 492 1129 nos
510 1065 579 1144 in
599 1065 832 1149 spiritu
854 1063 1241 1128 humilitatis
1263 1064 1534 1141 rediens,
1557 1064 1639 1128 ad
1658 1065 1863 1128 instar
1882 1065 2002 1128 filii
2023 1067 2275 1151 prodigi
2297 1068 2378 1131 ad
2401 1077 2650 1151 patrem

376 1164 630 1241 reversi,
658 1163 995 1247 profundis
1024 1162 1320 1246 suspiriis
1351 1168 1417 1227 et
1446 1162 1806 1227 lacrimosis
1836 1164 2227 1248 singultibus
2257 1167 2339 1231 ad
2371 1187 2486 1231 nos
2517 1188 2648 1231 non

375 1264 720 1328 cessaverit
772 1262 1100 1327 clamitare
1158 1266 1234 1324 ut
1286 1262 1500 1344 ipsum
1553 1268 1866 1345 tanquam
1925 1285 2130 1327 unum
2184 1265 2263 1329 de
2321 1265 2648 1350 religionis

374 1382 507 1427 suae
551 1362 959 1427 mercenariis
1011 1361 1479 1425 faciamus—N
1481 1381 1552 1425 os
1598 1361 1909 1440 volentes,
1945 1363 2139 1447 juxta
2189 1365 2645 1448 Evangelicam

375 1461 728 1538 veritatem,
767 1481 1036 1525 accensa
1077 1459 1342 1524 lucerna
1384 1460 1857 1538 misericordiae,
1900 1462 2230 1547 dragmam
2276 1464 2648 1547 praedictam

375 1560 684 1639 invenire,
714 1581 1028 1643 ovemque
1058 1566 1376 1624 errantem
1418 1560 1655 1625 nostris
1696 1560 1982 1626 humeris
2014 1570 2351 1646 reportare,
2381 1564 2647 1648 praedic-

374 1666 516 1723 tum
559 1660 821 1725 fratrem
865 1659 1197 1736 Thomam,
1239 1679 1356 1743 pro
1401 1679 1475 1723 eo
1506 1660 1681 1743 quod
1725 1659 1896 1724 inter
1939 1682 2054 1725 vos
2084 1662 2300 1745 vigere
2346 1663 2646 1727 novimus

375 1759 737 1824 devotionis
781 1759 1095 1823 fervorem
1134 1766 1203 1823 et
1231 1758 1560 1842 religionis
1605 1759 2027 1838 honestatem,
2062 1761 2144 1825 ad
2179 1783 2294 1826 vos
2339 1763 2645 1827 duximus

372 1859 847 1936 destinandum,
900 1859 1308 1923 devotionem
1352 1865 1631 1922 vestram
1681 1860 2077 1942 requirentes
2122 1867 2186 1925 et
2238 1868 2522 1926 ortantes
2573 1862 2644 1925 in

374 1959 726 2024 visceribus
756 1958 1042 2023 caritatis
1082 1959 1390 2043 quatinus
1435 1958 1651 2041 ipsum
1683 1959 1826 2041 (94)
1856 1959 2131 2043 benigne
2174 1961 2533 2025 admittatis
2578 1967 2646 2024 et

373 2059 655 2122 fraterna
697 2059 963 2123 caritate
1006 2059 1319 2136 tractetiS‚
1363 2066 1439 2122 ut
1468 2058 1701 2122 saltem
1744 2080 1859 2143 per
1902 2059 2247 2123 dimidium
2284 2080 2526 2124 annum
2570 2062 2641 2123 in

374 2163 510 2222 tam
532 2158 801 2224 honesto
825 2166 891 2223 et
914 2158 1208 2242 religioso
1232 2158 1501 2244 collegio
1524 2165 1937 2223 conversatus
1961 2159 2042 2222 ad
2065 2159 2426 2223 tollendum
2448 2178 2643 2243 super

373 2278 443 2322 se
488 2258 719 2342 jugum
762 2258 917 2321 D'ni
960 2257 1306 2322 salubriter
1348 2257 1565 2322 valeat
1609 2257 1866 2334 erudiri,
1911 2278 2156 2341 nosque
2208 2259 2643 2342 postmodum,

372 2363 700 2422 annuente
721 2358 909 2434 D’no‚
930 2358 1251 2441 possimus
1282 2357 1361 2422 de
1391 2357 1596 2440 ipsius
1626 2363 1803 2422 statu
1833 2357 2021 2421 aliter
2049 2357 2354 2422 ordinare.
2425 2358 2642 2421 Poeni-

373 2457 646 2522 tentiam
675 2478 826 2522 vero
856 2477 1069 2541 quam,
1099 2457 1256 2520 dum
1287 2457 1458 2521 inter
1484 2477 1599 2521 vos
1631 2477 1876 2520 moram
1906 2457 2147 2533 fecerit,
2177 2457 2303 2521 sibi
2332 2457 2643 2521 duximus

369 2557 835 2642 injungendam
865 2557 926 2622 ei
955 2557 1320 2622 dimisimus
1349 2558 1421 2622 in
1450 2557 1731 2643 quadam
1750 2556 2029 2622 'scedula
2071 2557 2423 2636 indentata,
2455 2559 2641 2642 cujus

370 2656 637 2722 alteram
668 2658 850 2722 vobis
879 2658 1205 2722 mittimus
1247 2658 1676 2741 praesentibus
1705 2657 2043 2735 inclusam,
2072 2665 2148 2723 ut
2193 2658 2389 2737 Prior,
2429 2659 2536 2723 vel
2580 2660 2638 2723 is

367 2756 483 2840 qui
515 2756 880 2821 Conventui
923 2777 1041 2841 pro
1084 2764 1370 2840 tempore
1414 2757 1803 2841 praesidebit,
1848 2758 2070 2822 sedulo
2116 2758 2267 2822 inde
2310 2758 2529 2823 videat
2574 2767 2642 2824 et

368 2856 664 2921 attendat
707 2856 880 2940 quod
922 2856 1138 2920 dictus
1184 2858 1380 2921 frater
1420 2856 1700 2921 Thomas
1743 2857 2104 2939 injunctam
2146 2857 2275 2921 sibi
2319 2857 2640 2941 poeniten-

365 2957 526 3020 tiam
600 2963 863 3040 peragat
935 2956 1272 3020 humiliter
1326 2976 1402 3020 ac
1469 2955 1716 3020 devote.
1776 2956 2024 3020 Valete.
2142 2957 2392 3020 Datum
2465 2957 2640 3040 apud

369 3057 644 3121 Parcum
675 3056 932 3140 Helagh
962 3055 1037 3119 iii
1069 3055 1228 3120 Idus
1258 3056 1677 3139 Septembris,
1707 3056 1947 3121 Pontis.
1978 3055 2185 3119 nostri
2212 3055 2305 3118 Α0
2333 3054 2497 3121 iiii20.

452 3156 913 3220 Poenitentiam
945 3155 1162 3220 fratris
1192 3154 1453 3219 Thomae
1497 3155 1577 3218 de
1620 3149 1975 3219 Schirburn
2018 3153 2336 3229 monachi,
2365 3154 2520 3217 dum
2566 3154 2638 3218 in

367 3255 710 3319 Monast'io
740 3255 819 3319 de
849 3254 1159 3338 Whiteby
1189 3275 1435 3319 moram
1467 3254 1710 3331 fecerit,
1738 3253 1957 3316 taliter
1985 3253 2292 3316 duximus
2337 3252 2640 3315 ordinan-

366 3355 533 3420 dam.
624 3355 705 3418 In
749 3354 973 3438 primis
1024 3354 1346 3437 siquidem
1398 3353 1610 3417 eidem
1664 3352 2069 3436 injunximus
2115 3352 2287 3434 quod
2329 3357 2641 3434 sequatur

366 3454 770 3520 Conventum
801 3460 938 3518 tam
967 3454 1039 3517 in
1068 3454 1261 3519 choro
1290 3474 1487 3537 quam
1518 3452 1586 3516 in
1617 3452 1915 3527 claustr0‚
1938 3451 2275 3515 refectorio
2305 3458 2372 3516 et
2402 3451 2639 3515 dormi-

363 3552 548 3631 tori0,
597 3553 812 3637 sitque
863 3546 936 3617 in
985 3553 1165 3618 omni
1215 3553 1417 3637 gradu
1467 3552 1741 3616 ultimus
1792 3551 1863 3614 in
1908 3551 2268 3616 Conventu.
2360 3551 2548 3633 Item,
2602 3572 2641 3614 a

364 3651 789 3718 celebratione
821 3653 1187 3717 divinorum
1217 3659 1285 3717 et
1313 3673 1352 3717 a
1383 3653 1675 3736 quolibet
1703 3651 1925 3717 altaris
1953 3651 2317 3716 ministerio
2348 3651 2641 3716 totaliter

361 3752 452 3817 sit
494 3772 883 3836 suspensus;
925 3752 1202 3837 singulis
1247 3752 1618 3817 ebdomadis
1658 3750 2058 3828 Praesidenti,
2088 3750 2195 3816 vel
2224 3751 2286 3816 ei
2324 3772 2516 3835 quem
2558 3752 2641 3815 ad

361 3852 483 3916 hoc
513 3853 872 3917 Praesidens
916 3852 1341 3936 deputaverit,
1371 3852 1471 3917 bis
1500 3852 1734 3917 saltem
1776 3858 2040 3935 peccata
2082 3871 2201 3915 sua
2245 3852 2644 3929 confiteatur,

364 3952 735 4036 eisdemque
778 3953 1034 4017 vicibus
1082 3952 1425 4017 humiliter
1473 3952 1556 4016 ab
1609 3951 1835 4016 eodem
1884 3950 2158 4035 recipiat
2209 3949 2638 4035 disciplinam.

364 4050 554 4128 Item,
575 4051 867 4135 quolibet
886 4052 993 4117 die
1014 4059 1264 4136 septem
1292 4051 1576 4136 psalmos
1604 4050 2086 4136 poenitentiales
2110 4071 2259 4115 cum
2281 4050 2642 4114 reverentia

363 4170 576 4214 coram
627 4151 847 4236 aliquo
889 4151 1078 4216 altari
1121 4152 1195 4215 in
1238 4151 1508 4217 ecclesia
1556 4155 1916 4237 prostratus
1967 4150 2144 4214 dicat
2195 4149 2533 4213 humiliter
2576 4155 2644 4214 et

361 4249 608 4316 devote.
699 4252 887 4329 Item,
917 4251 1210 4334 qualibet
1238 4251 1603 4336 septimana
1642 4252 1772 4316 duo
1814 4249 2122 4334 psalteria
2163 4249 2353 4314 dicat.
2444 4248 2643 4313 Omni

361 4357 593 4433 quarta
623 4351 783 4416 feria
805 4352 1078 4435 jejunet,
1107 4371 1146 4415 a
1173 4351 1519 4416 lacticiniis
1549 4356 1614 4416 et
1643 4351 1773 4417 hiis
1804 4372 1948 4436 quae
1978 4349 2404 4415 sementinam
2437 4347 2647 4413 carnis

358 4449 627 4514 trahunt
655 4451 969 4535 originem
998 4450 1259 4534 penitus
1289 4451 1690 4516 abstinenda
1780 4450 1977 4517 Omni
2006 4449 2205 4515 etiam
2236 4448 2339 4513 die
2368 4447 2644 4513 Veneris

353 4549 728 4633 jejunando,
758 4571 942 4635 pane,
972 4551 1280 4616 cerevisia
1309 4556 1375 4616 et
1402 4550 1840 4634 leguminibus
1871 4548 2319 4614 tantummodo
2360 4548 2448 4613 sit
2492 4567 2642 4612 con-
