3254 5140
732 547 1273 599 CARTULARIUM
1305 548 1712 599 ABBATHIAE
1751 548 1849 600 DE
1884 548 2258 600 WHITEBY.
2515 536 2634 595 431

364 710 601 774 wardis
632 718 698 774 et
727 732 895 775 omn.
932 712 1244 776 eschaetis
1274 733 1418 796 quae
1463 712 1615 776 inde
1661 712 1945 777 accidere
1990 717 2357 796 potuerunt,
2386 723 2453 775 et
2496 732 2643 775 cum

358 828 533 872 omn.
566 808 793 886 boscis,
826 809 1057 893 planis,
1100 811 1320 894 pratis,
1365 810 1667 894 psi-sturm,
1712 811 1928 889 moris,
1970 812 2280 888 mariscis,
2322 810 2648 886 turbariis,

357 908 569 992 aquis,
618 909 905 985 vivariis,
948 910 1260 993 piscariis,
1312 911 1457 988 vhe,
1501 911 1772 988 semitis,
1815 920 1882 975 et
1925 932 2092 975 omn.
2135 910 2281 975 aliis
2333 911 2541 987 rebus,
2575 909 2645 972 in

365 1008 867 1091 quibuscunque
920 1006 1092 1091 (78¹³)
1138 1008 1317 1086 locis,
1370 1009 1451 1072 ad
1504 1009 1696 1093 prced.
1742 1030 1982 1074 maner.
2021 1009 2246 1092 procul
2290 1015 2402 1072 aut
2449 1028 2646 1092 prope

364 1107 618 1188 pertin„
670 1106 811 1170 sine
854 1107 990 1171 ullo
1035 1109 1860 1173 retenemento—Habeud.
1911 1115 1978 1173 et
2029 1116 2157 1172 ten.
2209 1108 2334 1171 sibi
2383 1117 2451 1172 et
2499 1107 2648 1170 haer.

365 1205 504 1268 suis
537 1204 617 1269 de
647 1226 816 1290 corp.
846 1227 963 1270 suo
994 1206 1113 1291 leg.
1148 1227 1352 1290 procr.
1380 1208 1669 1293 imperp.‚
1700 1229 1849 1273 cum
1879 1228 2047 1272 omn.
2079 1207 2510 1282 libertatibus,
2537 1207 2651 1271 lib.

364 1305 963 1383 consuetudinibus,
1014 1307 1594 1384 commoditatibus,
1655 1314 1723 1372 et
1780 1328 1949 1371 omn.
2002 1306 2149 1370 aliis
2206 1306 2508 1389 proficuis
2567 1305 2648 1368 ad

366 1404 748 1487 praedictum
796 1405 929 1469 ullo
974 1406 1163 1470 modo
1208 1415 1387 1489 pert„
1418 1407 1497 1470 de
1541 1408 1801 1471 Abbate
1845 1413 1914 1471 et
1962 1407 2160 1471 Conv,
2195 1406 2275 1470 de
2319 1406 2650 1488 Whiteby‚

370 1503 629 1587 capital.
685 1505 849 1569 d’nis
898 1505 1058 1569 dicti
1118 1506 1408 1584 manerii,
1456 1506 1750 1571 faciendo
1802 1506 2044 1570 eisdem
2093 1512 2159 1570 et
2211 1526 2430 1570 eorum
2481 1526 2647 1570 succ.

369 1623 532 1667 sel-V.
564 1612 874 1668 consueta
904 1612 971 1668 et
999 1605 1216 1669 debita
1246 1626 1391 1690 quae
1421 1626 1536 1690 ego
1568 1606 1632 1669 N
1636 1605 1927 1670 icholaus
1959 1615 2026 1670 et
2060 1611 2491 1670 antecessores
2520 1604 2650 1669 mei

369 1723 486 1786 pro
516 1702 705 1786 praed.
737 1711 1106 1768 tenemento
1137 1705 1345 1769 facere
1368 1706 1838 1770 consuevimus.
1927 1706 2013 1768 Et
2035 1704 2093 1769 si
2116 1705 2448 1790 contingat
2477 1705 2651 1789 quod

370 1802 560 1884 praed.
625 1802 992 1886 Stephanus
1052 1804 1192 1869 sine
1252 1803 1503 1869 haerede
1569 1805 1674 1868 sm‘
1732 1805 2013 1889 corporis
2072 1805 2401 1882 moriatur,
2459 1804 2650 1888 praed.

371 1901 733 1965 manerium
764 1922 912 1966 cum
944 1923 1111 1966 omn.
1145 1909 1211 1967 et
1233 1902 1506 1986 singulis
1536 1902 1745 1966 eidem
1767 1903 2052 1967 manerio
2075 1903 2304 1986 pertin.
2327 1902 2651 1986 praedictis

371 2000 619 2064 Abbati
648 2007 715 2064 et
745 2001 964 2079 Coma,
995 2008 1069 2065 ut
1098 2002 1467 2067 eschaetum
1499 2023 1708 2079 suum,
1739 2004 1809 2065 in
1850 2023 2020 2086 perp.
2058 2002 2427 2066 remanebit.
2518 2002 2653 2084 Ego

372 2120 542 2177 vero,
574 2099 951 2179 Nicholaus,
981 2107 1047 2165 et
1077 2101 1223 2167 baer.
1255 2101 1385 2165 mei
1430 2123 1579 2166 war.
1618 2101 1810 2186 praed.
1859 2100 2188 2185 Stephano
2229 2107 2294 2164 et
2329 2100 2474 2164 haer.
2518 2101 2653 2165 suis

375 2199 453 2264 de
484 2220 650 2283 corp.
684 2220 799 2264 suo
830 2199 945 2283 leg.
978 2221 1174 2284 procr.
1208 2201 1395 2284 praed.
1429 2222 1615 2277 man„
1662 2222 1810 2265 cum
1850 2222 2014 2265 omn.
2048 2200 2452 2284 supradictis,
2481 2207 2549 2264 et
2577 2221 2654 2264 ea

374 2298 514 2382 adq.
547 2305 615 2362 et
644 2299 765 2362 def.
801 2306 1022 2363 contra
1051 2320 1216 2364 omn.
1251 2299 1416 2363 hom.
1450 2310 1517 2364 et
1548 2301 1694 2364 fem.
1729 2301 2221 2384 imperpetuum.
2296 2300 2380 2362 Et
2410 2304 2487 2362 ut
2516 2299 2653 2363 haec

375 2418 518 2462 mea
562 2398 824 2462 donatio
869 2406 935 2463 et
979 2399 1319 2476 concessi0‚
1351 2400 1661 2463 warentia
1701 2405 1766 2464 et
1800 2420 1979 2483 praes.
2013 2407 2203 2463 cartae
2250 2400 2653 2464 confirmatio

375 2503 703 2583 perpetuae
747 2499 1070 2563 firmitatis
1115 2499 1308 2563 robur
1351 2499 1585 2563 habeat
1629 2499 1698 2563 in
1745 2500 2051 2578 futurum,
2081 2520 2261 2584 praes.
2294 2521 2343 2565 c.
2378 2499 2489 2585 sig.
2523 2500 2652 2563 mei

376 2599 779 2682 appositione
837 2600 1142 2664 roboravi.
1254 2599 1565 2663 Testibus.
1659 2600 1826 2665 D'no
1886 2600 2217 2664 Willelmo
2277 2601 2357 2665 de
2418 2600 2650 2665 Rosell.

380 2698 709 2862 Wssffilflmo
762 2699 840 2763 de
893 2699 1123 2764 Everle
1164 2698 1244 2763 de
1298 2698 1729 2784 Ugelbardby.
1820 2700 2109 2765 Waltero
2154 2699 2233 2765 de
2277 2700 2652 2784 Dunseley:

377 2805 445 2862 et
472 2820 510 2863 a
542 2798 580 2811 ‘'
620 2849 634 2862 .

1235 3020 1804 3086 CCCCLXXVII.

466 3201 608 3282 (79)
663 3198 849 3264 Omn.
907 3197 1152 3263 Christi
1203 3196 1374 3260 fidel.
1430 3196 1596 3260 hanc
1646 3216 1694 3259 c.
1746 3195 1861 3259 vis.
1911 3193 2018 3258 vel
2072 3193 2235 3270 aud„
2284 3193 2651 3277 Stephanus

383 3298 710 3376 Belbarbe,
739 3298 850 3362 sal.
881 3297 954 3361 in
984 3296 1167 3360 D’no,
1242 3295 1571 3359 Noveritis
1602 3315 1706 3359 me
1737 3314 1932 3372 conc„
1960 3294 2191 3370 remis„
2221 3299 2286 3357 et
2307 3313 2411 3377 qu.
2438 3293 2512 3356 cl.
2537 3314 2654 3377 pro

382 3418 481 3462 me
511 3404 579 3462 et
606 3398 754 3462 haer.
787 3397 968 3474 meiS,
997 3397 1140 3461 Deo
1171 3401 1237 3460 et
1258 3395 1426 3459 Ech
1462 3395 1521 3459 S.
1555 3393 1730 3458 Petri
1760 3401 1826 3457 et
1858 3393 1916 3457 S.
1954 3392 2172 3456 Hildae
2216 3392 2294 3456 de
2325 3391 2656 3476 Whiteby‚

381 3497 622 3578 Abbati
652 3497 853 3581 ejusd.
884 3496 1011 3561 loci
1040 3502 1108 3561 et
1135 3495 1468 3560 monachis
1499 3494 1653 3558 ibid
1701 3493 1842 3558 Deo
1873 3514 2030 3558 serv.
2063 3498 2130 3557 et
2159 3493 2424 3576 imperp.
2456 3492 2655 3557 servi-

382 3597 562 3673 turis,
588 3603 803 3660 totum
826 3596 935 3679 jus
966 3601 1034 3660 et
1062 3595 1138 3660 cl.
1169 3595 1343 3679 quod
1371 3594 1574 3658 habui
1602 3593 1709 3658 vel
1752 3593 1897 3657 hab.
1929 3593 2115 3677 potui
2145 3593 2212 3656 in
2259 3593 2545 3657 manerio
2576 3592 2656 3658 de

385 3697 811 3780 Haukesgart,
885 3716 1033 3760 cum
1092 3715 1258 3759 omn.
1318 3701 1475 3777 pert.
1537 3693 1912 3758 suis—Ten.
1982 3699 2049 3757 et
2122 3693 2263 3756 hab.
2332 3692 2655 3775 praedictis

383 3796 623 3860 Abbati
652 3803 719 3859 et
750 3793 968 3871 Coma,
998 3801 1064 3858 et
1092 3792 1261 3858 Eccl.
1294 3813 1426 3856 suae
1469 3791 1681 3876 praed„
1712 3792 1782 3855 in
1812 3792 1938 3868 lib.,
1968 3812 2124 3874 pur„
2155 3798 2217 3855 et
2249 3811 2422 3874 perp.
2456 3791 2656 3859 elem..

385 3915 529 3959 cum
560 3914 727 3958 omn.
761 3899 919 3977 pert.
952 3893 1106 3969 suis,
1136 3893 1306 3956 infra
1335 3913 1392 3955 v,
1427 3899 1492 3956 et
1522 3900 1723 3967 extra,
1753 3911 1949 3974 prope
1981 3899 2047 3954 et
2081 3890 2322 3973 procul,
2351 3891 2490 3953 sine
2520 3890 2656 3954 ullo

382 4002 600 4071 roten„
629 3995 1107 4076 imperpetuum
1137 3991 1360 4068 2-1ta,
1392 3990 1602 4066 videl„
1621 3991 1797 4073 quod
1826 4010 1943 4054 nec
1974 4009 2090 4074 ego
2122 3988 2508 4072 Stephanus,
2538 4009 2656 4052 nec

382 4092 525 4158 haer.
558 4093 708 4170 mei,
751 4092 999 4176 aliquid
1035 4092 1144 4175 jus
1175 4090 1280 4155 vel
1326 4090 1400 4155 cl.
1437 4090 1510 4154 in
1554 4089 1732 4154 dicto
1776 4110 1967 4166 man„
1996 4109 2143 4152 cum
2189 4093 2345 4171 pert.
2393 4087 2546 4165 suis,
2577 4088 2657 4153 de

383 4201 609 4258 caetero
640 4192 894 4276 exigere
937 4191 1043 4256 vel
1074 4190 1259 4255 vend.
1293 4190 1664 4273 poterimus,
1757 4190 1840 4253 Iu
1884 4189 2068 4272 cujus
2097 4209 2142 4251 r.
2175 4193 2319 4251 test.
2367 4186 2520 4252 huic
2565 4209 2655 4271 pr.

382 4312 494 4357 scr.
558 4293 670 4376 sig.
733 4312 950 4356 meum
1010 4291 1297 4376 apposui.
1387 4290 1542 4353 Hiis
1602 4289 1898 4353 testibus.
2011 4289 2201 4352 Petro
2254 4287 2334 4352 de
2388 4288 2658 4373 Faceby.

383 4392 715 4457 Willelmo
748 4391 1052 4455 Herman.
1147 4389 1476 4454 Willelmo
1522 4388 1601 4454 de
1632 4388 1821 4453 Aula.
1914 4389 2193 4472 Symone
2229 4388 2308 4451 de
2339 4387 2660 4452 Sartrino:

386 4498 452 4555 et
479 4491 641 4555 aliis.
