3254 5140
768 611 1317 664 CARTULARIUM
1351 612 1761 664 ABBATHIAE
1797 613 1897 665 DE
1932 611 2307 665 WHITEBY.
2546 600 2671 661 669

685 801 953 866 DCXX.
1000 801 1253 886 (Rotuli
1282 802 1808 881 Hundredorum,
1838 803 2014 868 Edw.
2047 819 2088 867 1.
2120 824 2182 888 p.
2222 803 2394 886 132.)

974 927 1163 992 WAP.
1193 927 1616 992 LANGEBERG’
1650 928 1844 1011 (after
1880 927 2092 1010 1271).

1184 1051 1401 1115 Vm
1429 1068 1517 1116 nn
1545 1053 1893 1117 ernnv.

485 1175 730 1241 Dicunt
778 1177 953 1261 quod
1006 1175 1228 1241 Abbas
1280 1177 1361 1242 de
1411 1177 1700 1261 Wyteby
1752 1176 2046 1241 abutitur
2094 1176 2505 1243 libertatibus
2555 1177 2684 1243 sibi

397 1276 998 1341 concessis—videl.
1022 1276 1337 1360 capiendo
1360 1276 1720 1341 teolonium
1742 1283 1927 1341 extra
1950 1277 2220 1341 Portum
2242 1277 2324 1341 de
2344 1277 2685 1362 Whiteby,

398 1380 465 1437 et
513 1374 955 1459 distringendo
1004 1375 1242 1440 liberos
1288 1376 1582 1442 homines
1632 1382 1816 1442 extra
1861 1376 2246 1453 libertatem,
2289 1376 2372 1441 ad
2413 1376 2677 1441 libitum

398 1492 607 1538 suum.
696 1474 871 1539 Item
912 1473 1141 1538 nullus
1186 1481 1501 1539 mercator
1542 1480 1757 1558 potest
1799 1475 2075 1540 vendere
2114 1476 2535 1540 mercionaria
2563 1495 2682 1541 sua

399 1572 470 1635 in
522 1572 719 1637 Portu
774 1573 855 1637 de
908 1573 1245 1656 Whiteby,
1297 1574 1427 1639 nisi
1478 1574 1662 1657 prius
1713 1573 1940 1639 habita
1998 1595 2192 1658 super
2240 1574 2363 1640 hoc
2420 1575 2684 1640 licentia

402 1670 657 1749 Ballivi,
687 1692 834 1737 cum
863 1672 1053 1736 liberi
1082 1671 1321 1737 debent
1348 1693 1572 1738 omnes
1603 1673 1725 1738 hoc
1754 1674 1961 1740 faeere
1990 1694 2107 1758 pro
2136 1673 2473 1740 voluntate
2503 1695 2635 1740 sua.

557 1857 872 1923 DCXXI.
916 1858 1148 1942 (Gesta
1175 1858 1344 1923 Abb.
1377 1857 1436 1923 S.
1469 1857 1750 2040 Albani,)
1762 1858 1860 1924 ed.
1891 1858 2102 1943 Riley,
2130 1858 2171 1923 i.
2207 1865 2351 1937 260,
2387 1864 2532 1938 261,

1328 1962 1719 2022 1214-1238.

483 2094 651 2158 Loco
681 2115 832 2159 vero
860 2094 1235 2171 Alexandri,
1258 2095 1495 2158 Prioris
1519 2094 1599 2159 de
1622 2092 2129 2177 Wymundham,
2155 2093 2571 2178 Radulphum
2594 2096 2677 2161 de

397 2194 663 2277 Witeby
708 2194 1080 2278 subrogavit
1132 2193 1295 2277 [scil.
1350 2192 1720 2257 Willelmus
1772 2193 1990 2257 Abbas
2041 2193 2102 2258 S.
2157 2193 2441 2277 Albani}
2548 2194 2679 2259 Ra-

399 2293 702 2378 dulphus,
731 2300 1155 2378 cognomento
1186 2294 1265 2359 de
1296 2293 1629 2370 Stanham,
1651 2293 1722 2357 in
1753 2293 2215 2377 temporalibus
2238 2300 2305 2358 et
2327 2295 2677 2378 spirituali-

399 2393 520 2457 bus
562 2393 666 2456 vir
709 2391 902 2479 [erat]
948 2393 1257 2476 providus
1298 2398 1365 2458 et
1404 2393 1927 2476 circumspectus.
2013 2393 2269 2458 Nostrae
2297 2400 2515 2459 tamen
2546 2415 2677 2459 non

399 2497 537 2557 erat
557 2493 909 2557 monachus
931 2492 1376 2577 professionis;
1411 2491 1625 2557 fuerat
1648 2492 1820 2556 enim
1841 2491 2197 2557 monachus
2220 2493 2300 2558 de
2321 2494 2678 2579 Wytebeia,

398 2597 464 2656 et
523 2592 705 2655 Prior
760 2592 990 2656 domus
1046 2591 1266 2672 illius;
1332 2597 1400 2655 et
1456 2592 1971 2675 persecutionem
2029 2592 2272 2658 ibidem
2330 2593 2677 2677 aliquando

398 2710 646 2773 passuS,
704 2690 787 2754 ad
847 2689 1063 2754 sinum
1122 2690 1540 2773 protectionis
1601 2690 1675 2755 B.
1738 2690 1996 2768 Albani,
2055 2691 2170 2754 ubi
2228 2697 2295 2756 et
2361 2698 2677 2776 receptuS,

397 2790 721 2873 sapienter
769 2789 1074 2873 confugit.
1166 2789 1418 2852 Habuit
1462 2790 1662 2853 etiam
1704 2789 1878 2853 idem
1924 2788 2324 2874 Radulphus‚
2360 2790 2515 2874 quia
2560 2789 2679 2854 ali-

398 2890 655 2973 quando
700 2890 882 2955 Prior
925 2888 1148 2954 extitit
1175 2890 1420 2952 Domus
1449 2895 1834 2966 memoratae,
1863 2888 2210 2972 quamdam
2239 2889 2540 2954 cellulam
2571 2889 2677 2953 vel

396 2989 883 3054 heremitorium
941 2988 1068 3053 sibi
1124 2987 1509 3071 specialiter,
1561 2987 1644 3051 ob
1705 3008 1837 3051 suae
1895 2988 2321 3051 reverentiam
2371 3008 2680 3072 personae,

399 3089 813 3173 assignatum,
843 3087 1015 3172 quod
1046 3087 1129 3151 ad
1157 3089 1437 3150 Domum
1468 3086 1547 3150 de
1574 3086 1862 3169 Wyteby
1893 3086 2286 3169 pertinebat;
2331 3093 2407 3151 ut
2431 3087 2677 3153 ibidem

399 3208 439 3252 a
487 3188 651 3253 facie
700 3187 1244 3272 persequentium,
1295 3185 1422 3250 sibi
1471 3205 1728 3261 vacans,
1778 3185 1985 3248 tutius
2037 3185 2339 3249 latitaret.
2446 3186 2677 3270 Ibique

398 3308 552 3353 sane
583 3293 649 3352 et
676 3286 1337 3371 irreprehensibiliter,
1359 3291 1511 3348 ante
1541 3303 1738 3366 quam
1768 3282 1839 3346 in
1870 3282 2225 3349 claustrum
2255 3284 2316 3348 S.
2339 3283 2580 3348 Albani
2609 3306 2678 3350 se

398 3386 759 3472 recepisset,
786 3407 903 3471 per
929 3386 1192 3469 aliquod
1220 3391 1480 3467 tempus
1509 3381 1847 3447 habitavit.

1293 3532 1486 3617 (md.
1518 3552 1576 3616 p.
1613 3529 1786 3613 272.)

487 3659 551 3724 Α
542 3659 888 3745 stem-warde
925 3658 1125 3723 Abbot
1174 3655 1472 3723 William
1499 3657 1679 3719 visits
1708 3654 1807 3719 the
1835 3654 1948 3719 cell
1974 3655 2053 3739 os
2098 3653 2674 3739 Wymumdham.--

400 3760 515 3824 ubi
558 3761 730 3824 facta
771 3758 1193 3841 inquisitione
1238 3755 1536 3841 diligenti
1580 3755 1662 3819 de
1705 3758 1879 3819 statu
1926 3754 2216 3819 interiori
2260 3761 2327 3819 et
2361 3755 2681 3833 exteriori,

401 3860 650 3924 dictum
694 3864 794 3922 est
837 3857 898 3921 ei
940 3856 1113 3940 quod
1159 3855 1341 3919 Prior
1382 3854 1644 3919 illorum
1691 3852 1908 3938 [videl.
1939 3853 2149 3918 D'nus
2179 3853 2565 3938 Radulphus
2594 3854 2675 3919 de

399 3958 713 4042 Wyteby]
775 3956 1041 4020 domum
1100 3955 1181 4019 de
1237 3952 1730 4038 Wymundham
1786 3953 2131 4016 enormiter
2187 3951 2676 4031 damnificando,

400 4057 702 4122 cellulam
751 4075 934 4120 suam
979 4055 1061 4119 de
1103 4053 1371 4137 Witeby
1413 4053 1494 4117 de
1538 4071 1668 4135 qua
1709 4058 1974 4116 venerat
2018 4057 2085 4116 et
2123 4051 2205 4115 ad
2245 4071 2439 4135 quam
2471 4071 2676 4135 quan-

400 4157 610 4241 doque
652 4154 861 4221 redire
904 4153 1323 4237 disposuerat,
1367 4151 1447 4217 de
1490 4151 1678 4215 bonis
1723 4150 2009 4215 ecclesiae
2059 4149 2139 4214 de
2186 4150 2676 4234 Wymundham

398 4255 715 4321 elamculo
765 4253 1096 4337 surreptis,
1145 4250 1549 4316 instauravit.
1663 4250 1750 4314 Et
1808 4250 1962 4333 quia
2019 4256 2364 4314 extraneus
2420 4249 2563 4329 fuit,
2593 4250 2676 4315 ad

398 4357 610 4421 aliena
665 4354 1015 4431 anhelavit,
1066 4351 1424 4434 similisque
1475 4356 1614 4415 erat
1657 4349 1900 4434 pastori
1942 4348 2220 4413 tentoria
2262 4349 2677 4428 inhabitanti,

396 4456 513 4541 qui
554 4455 625 4519 in
669 4454 951 4519 crastino
993 4450 1204 4516 tendit
1247 4450 1332 4514 ad
1374 4449 1694 4514 ulteriora.
1783 4447 2140 4512 Dicebatur
2175 4447 2456 4533 insuper,
2500 4449 2674 4534 quod

396 4574 592 4639 supra
634 4551 898 4618 modum
940 4549 1214 4635 gratiam
1258 4547 1531 4613 Comitis
1576 4547 1656 4613 de
1699 4545 2057 4612 Arundelle
2085 4566 2475 4633 suorumque
2525 4569 2676 4634 cap-
