<?xml version="1.0" encoding="UTF-8"?>
<!DOCTYPE html PUBLIC "-//W3C//DTD XHTML 1.0 Transitional//EN"
    "http://www.w3.org/TR/xhtml1/DTD/xhtml1-transitional.dtd">
<html xmlns="http://www.w3.org/1999/xhtml" xml:lang="en" lang="en">
 <head>
  <title>
</title>
<meta http-equiv="Content-Type" content="text/html;charset=utf-8" />
  <meta name='ocr-system' content='tesseract 3.04.00' />
  <meta name='ocr-capabilities' content='ocr_page ocr_carea ocr_par ocr_line ocrx_word'/>
</head>
<body>
  <div class='ocr_page' id='page_1' title='image "./cartulariumabba02atkigoog_0089.png"; bbox 0 0 3254 5140; ppageno 0'>
   <div class='ocr_carea' id='block_1_1' title="bbox 779 583 2688 654">
    <p class='ocr_par' dir='ltr' id='par_1_1' title="bbox 779 583 2688 654">
     <span class='ocr_line' id='line_1_1' title="bbox 779 583 2688 654; baseline -0.005 -1"><span class='ocrx_word' id='word_1_1' title='bbox 779 599 1334 654; x_wconf 76' lang='lat' dir='ltr'>CARTULARIUM</span> <span class='ocrx_word' id='word_1_2' title='bbox 1372 598 1777 650; x_wconf 82' lang='lat' dir='ltr'>ABBATHIAE</span> <span class='ocrx_word' id='word_1_3' title='bbox 1814 596 1913 647; x_wconf 77' lang='lat' dir='ltr'>DE</span> <span class='ocrx_word' id='word_1_4' title='bbox 1946 596 2318 648; x_wconf 82' lang='lat' dir='ltr'>WHITEBY.</span> <span class='ocrx_word' id='word_1_5' title='bbox 2567 583 2688 642; x_wconf 79' lang='grc'>429</span> 
     </span>
    </p>
   </div>
   <div class='ocr_carea' id='block_1_2' title="bbox 1290 825 1819 892">
    <p class='ocr_par' dir='ltr' id='par_1_2' title="bbox 1290 825 1819 892">
     <span class='ocr_line' id='line_1_2' title="bbox 1290 825 1819 892; baseline -0.004 0"><span class='ocrx_word' id='word_1_6' title='bbox 1290 825 1819 892; x_wconf 86' lang='lat' dir='ltr'>CCCCLXXIV.</span> 
     </span>
    </p>
   </div>
   <div class='ocr_carea' id='block_1_3' title="bbox 405 972 2703 3824">
    <p class='ocr_par' dir='ltr' id='par_1_3' title="bbox 405 972 2702 3445">
     <span class='ocr_line' id='line_1_3' title="bbox 495 972 2694 1062; baseline -0.004 -19"><span class='ocrx_word' id='word_1_7' title='bbox 495 980 818 1045; x_wconf 84' lang='lat' dir='ltr'>Noverint</span> <span class='ocrx_word' id='word_1_8' title='bbox 860 980 1035 1043; x_wconf 82' lang='lat' dir='ltr'>univ,</span> <span class='ocrx_word' id='word_1_9' title='bbox 1078 999 1194 1062; x_wconf 92' lang='lat' dir='ltr'>per</span> <span class='ocrx_word' id='word_1_10' title='bbox 1236 983 1583 1061; x_wconf 72' lang='lat' dir='ltr'>praesentes</span> <span class='ocrx_word' id='word_1_11' title='bbox 1627 976 1801 1059; x_wconf 88' lang='lat' dir='ltr'>quod</span> <span class='ocrx_word' id='word_1_12' title='bbox 1847 995 1980 1059; x_wconf 84' lang='lat' dir='ltr'>eg0,</span> <span class='ocrx_word' id='word_1_13' title='bbox 2009 973 2375 1038; x_wconf 79' lang='lat' dir='ltr'>Alexander</span> <span class='ocrx_word' id='word_1_14' title='bbox 2419 973 2498 1037; x_wconf 91' lang='lat' dir='ltr'>de</span> <span class='ocrx_word' id='word_1_15' title='bbox 2542 972 2694 1036; x_wconf 90' lang='lat' dir='ltr'>Lith</span> 
     </span>
     <span class='ocr_line' id='line_1_4' title="bbox 407 1072 2694 1162; baseline -0.003 -20"><span class='ocrx_word' id='word_1_16' title='bbox 407 1078 489 1142; x_wconf 91' lang='lat' dir='ltr'>de</span> <span class='ocrx_word' id='word_1_17' title='bbox 518 1078 848 1162; x_wconf 83' lang='lat' dir='ltr'>Whiteby,</span> <span class='ocrx_word' id='word_1_18' title='bbox 877 1077 1096 1143; x_wconf 89' lang='lat' dir='ltr'>remisi</span> <span class='ocrx_word' id='word_1_19' title='bbox 1142 1077 1262 1160; x_wconf 90' lang='lat' dir='ltr'>[et]</span> <span class='ocrx_word' id='word_1_20' title='bbox 1312 1075 1597 1141; x_wconf 81' lang='lat' dir='ltr'>relaxavi</span> <span class='ocrx_word' id='word_1_21' title='bbox 1627 1074 1930 1149; x_wconf 83' lang='lat' dir='ltr'>Thomae‚¹</span> <span class='ocrx_word' id='word_1_22' title='bbox 1962 1074 2204 1137; x_wconf 79' lang='lat' dir='ltr'>Abbati</span> <span class='ocrx_word' id='word_1_23' title='bbox 2251 1073 2328 1135; x_wconf 92' lang='lat' dir='ltr'>de</span> <span class='ocrx_word' id='word_1_24' title='bbox 2364 1072 2694 1157; x_wconf 88' lang='lat' dir='ltr'>Whiteby,</span> 
     </span>
     <span class='ocr_line' id='line_1_5' title="bbox 406 1171 2696 1261; baseline -0.002 -22"><span class='ocrx_word' id='word_1_25' title='bbox 406 1177 737 1241; x_wconf 83' lang='lat' dir='ltr'>Willelrno</span> <span class='ocrx_word' id='word_1_26' title='bbox 772 1177 978 1255; x_wconf 87' lang='lat' dir='ltr'>Hode,</span> <span class='ocrx_word' id='word_1_27' title='bbox 1008 1197 1314 1242; x_wconf 87' lang='lat' dir='ltr'>converso</span> <span class='ocrx_word' id='word_1_28' title='bbox 1346 1177 1635 1261; x_wconf 88' lang='lat' dir='ltr'>ejusdem</span> <span class='ocrx_word' id='word_1_29' title='bbox 1667 1176 1915 1250; x_wconf 78' lang='lat' dir='ltr'>domuS,</span> <span class='ocrx_word' id='word_1_30' title='bbox 1937 1181 2003 1238; x_wconf 87' lang='lat' dir='ltr'>et</span> <span class='ocrx_word' id='word_1_31' title='bbox 2035 1174 2314 1237; x_wconf 84' lang='lat' dir='ltr'>Roberto</span> <span class='ocrx_word' id='word_1_32' title='bbox 2346 1172 2425 1236; x_wconf 90' lang='lat' dir='ltr'>de</span> <span class='ocrx_word' id='word_1_33' title='bbox 2457 1171 2696 1236; x_wconf 89' lang='lat' dir='ltr'>Roder-</span> 
     </span>
     <span class='ocr_line' id='line_1_6' title="bbox 405 1272 2695 1359; baseline -0.003 -18"><span class='ocrx_word' id='word_1_34' title='bbox 405 1278 612 1354; x_wconf 85' lang='lat' dir='ltr'>barne,</span> <span class='ocrx_word' id='word_1_35' title='bbox 657 1277 1060 1341; x_wconf 83' lang='lat' dir='ltr'>omnimodas</span> <span class='ocrx_word' id='word_1_36' title='bbox 1111 1278 1395 1342; x_wconf 79' lang='lat' dir='ltr'>actiones</span> <span class='ocrx_word' id='word_1_37' title='bbox 1443 1276 1810 1359; x_wconf 82' lang='lat' dir='ltr'>personales</span> <span class='ocrx_word' id='word_1_38' title='bbox 1855 1293 2016 1358; x_wconf 86' lang='lat' dir='ltr'>quas</span> <span class='ocrx_word' id='word_1_39' title='bbox 2069 1293 2214 1357; x_wconf 82' lang='lat' dir='ltr'>erga</span> <span class='ocrx_word' id='word_1_40' title='bbox 2265 1274 2440 1355; x_wconf 91' lang='lat' dir='ltr'>ipsos</span> <span class='ocrx_word' id='word_1_41' title='bbox 2491 1272 2695 1335; x_wconf 86' lang='lat' dir='ltr'>habeo</span> 
     </span>
     <span class='ocr_line' id='line_1_7' title="bbox 405 1370 2694 1457; baseline -0.003 -16"><span class='ocrx_word' id='word_1_42' title='bbox 405 1377 515 1441; x_wconf 83' lang='lat' dir='ltr'>vel</span> <span class='ocrx_word' id='word_1_43' title='bbox 560 1376 761 1440; x_wconf 88' lang='lat' dir='ltr'>habui</span> <span class='ocrx_word' id='word_1_44' title='bbox 806 1382 957 1440; x_wconf 88' lang='lat' dir='ltr'>ante</span> <span class='ocrx_word' id='word_1_45' title='bbox 1003 1376 1174 1440; x_wconf 90' lang='lat' dir='ltr'>diem</span> <span class='ocrx_word' id='word_1_46' title='bbox 1220 1375 1641 1440; x_wconf 85' lang='lat' dir='ltr'>confectionis</span> <span class='ocrx_word' id='word_1_47' title='bbox 1685 1373 2118 1457; x_wconf 86' lang='lat' dir='ltr'>praesentium.</span> <span class='ocrx_word' id='word_1_48' title='bbox 2211 1370 2452 1435; x_wconf 89' lang='lat' dir='ltr'>Remisi</span> <span class='ocrx_word' id='word_1_49' title='bbox 2497 1370 2694 1434; x_wconf 82' lang='lat' dir='ltr'>etiam</span> 
     </span>
     <span class='ocr_line' id='line_1_8' title="bbox 409 1469 2695 1555; baseline -0.004 -15"><span class='ocrx_word' id='word_1_50' title='bbox 409 1482 473 1540; x_wconf 88' lang='lat' dir='ltr'>et</span> <span class='ocrx_word' id='word_1_51' title='bbox 505 1475 699 1541; x_wconf 82' lang='lat' dir='ltr'>relax.</span> <span class='ocrx_word' id='word_1_52' title='bbox 731 1476 995 1539; x_wconf 90' lang='lat' dir='ltr'>omnino</span> <span class='ocrx_word' id='word_1_53' title='bbox 1041 1475 1121 1539; x_wconf 93' lang='lat' dir='ltr'>de</span> <span class='ocrx_word' id='word_1_54' title='bbox 1160 1495 1265 1538; x_wconf 89' lang='lat' dir='ltr'>me</span> <span class='ocrx_word' id='word_1_55' title='bbox 1312 1480 1379 1538; x_wconf 90' lang='lat' dir='ltr'>et</span> <span class='ocrx_word' id='word_1_56' title='bbox 1420 1474 1569 1537; x_wconf 85' lang='lat' dir='ltr'>haer.</span> <span class='ocrx_word' id='word_1_57' title='bbox 1605 1473 1784 1549; x_wconf 91' lang='lat' dir='ltr'>meis,</span> <span class='ocrx_word' id='word_1_58' title='bbox 1818 1471 1937 1555; x_wconf 93' lang='lat' dir='ltr'>[et]</span> <span class='ocrx_word' id='word_1_59' title='bbox 1971 1492 2075 1555; x_wconf 91' lang='lat' dir='ltr'>qu.</span> <span class='ocrx_word' id='word_1_60' title='bbox 2107 1470 2182 1535; x_wconf 90' lang='lat' dir='ltr'>cl.</span> <span class='ocrx_word' id='word_1_61' title='bbox 2216 1471 2424 1534; x_wconf 91' lang='lat' dir='ltr'>eidem</span> <span class='ocrx_word' id='word_1_62' title='bbox 2455 1469 2695 1532; x_wconf 82' lang='lat' dir='ltr'>Abbati</span> 
     </span>
     <span class='ocr_line' id='line_1_9' title="bbox 408 1567 2698 1657; baseline -0.003 -18"><span class='ocrx_word' id='word_1_63' title='bbox 408 1584 477 1639; x_wconf 88' lang='lat' dir='ltr'>et</span> <span class='ocrx_word' id='word_1_64' title='bbox 521 1576 719 1640; x_wconf 82' lang='lat' dir='ltr'>Conv,</span> <span class='ocrx_word' id='word_1_65' title='bbox 760 1574 839 1637; x_wconf 93' lang='lat' dir='ltr'>de</span> <span class='ocrx_word' id='word_1_66' title='bbox 885 1574 1216 1657; x_wconf 87' lang='lat' dir='ltr'>Whiteby,</span> <span class='ocrx_word' id='word_1_67' title='bbox 1246 1579 1313 1638; x_wconf 87' lang='lat' dir='ltr'>et</span> <span class='ocrx_word' id='word_1_68' title='bbox 1356 1593 1523 1637; x_wconf 89' lang='lat' dir='ltr'>succ.</span> <span class='ocrx_word' id='word_1_69' title='bbox 1569 1572 1706 1635; x_wconf 90' lang='lat' dir='ltr'>suis</span> <span class='ocrx_word' id='word_1_70' title='bbox 1752 1573 1821 1634; x_wconf 91' lang='lat' dir='ltr'>in</span> <span class='ocrx_word' id='word_1_71' title='bbox 1868 1590 2061 1654; x_wconf 92' lang='lat' dir='ltr'>perp.‚</span> <span class='ocrx_word' id='word_1_72' title='bbox 2105 1575 2315 1633; x_wconf 89' lang='lat' dir='ltr'>totum</span> <span class='ocrx_word' id='word_1_73' title='bbox 2353 1570 2462 1653; x_wconf 87' lang='lat' dir='ltr'>jus</span> <span class='ocrx_word' id='word_1_74' title='bbox 2508 1574 2570 1632; x_wconf 90' lang='lat' dir='ltr'>et</span> <span class='ocrx_word' id='word_1_75' title='bbox 2617 1567 2698 1633; x_wconf 91' lang='lat' dir='ltr'>cl.</span> 
     </span>
     <span class='ocr_line' id='line_1_10' title="bbox 407 1668 2699 1755; baseline -0.003 -18"><span class='ocrx_word' id='word_1_76' title='bbox 407 1694 626 1737; x_wconf 88' lang='lat' dir='ltr'>meum</span> <span class='ocrx_word' id='word_1_77' title='bbox 655 1673 737 1736; x_wconf 90' lang='lat' dir='ltr'>de</span> <span class='ocrx_word' id='word_1_78' title='bbox 768 1693 1153 1755; x_wconf 89' lang='lat' dir='ltr'>quacunque</span> <span class='ocrx_word' id='word_1_79' title='bbox 1197 1691 1542 1736; x_wconf 89' lang='lat' dir='ltr'>communa</span> <span class='ocrx_word' id='word_1_80' title='bbox 1583 1678 1865 1754; x_wconf 86' lang='lat' dir='ltr'>pasturae</span> <span class='ocrx_word' id='word_1_81' title='bbox 1906 1690 2050 1753; x_wconf 84' lang='lat' dir='ltr'>quae</span> <span class='ocrx_word' id='word_1_82' title='bbox 2096 1669 2318 1747; x_wconf 86' lang='lat' dir='ltr'>habeo,</span> <span class='ocrx_word' id='word_1_83' title='bbox 2347 1669 2453 1733; x_wconf 89' lang='lat' dir='ltr'>vel</span> <span class='ocrx_word' id='word_1_84' title='bbox 2500 1668 2699 1731; x_wconf 84' lang='lat' dir='ltr'>habui</span> 
     </span>
     <span class='ocr_line' id='line_1_11' title="bbox 406 1769 2694 1855; baseline -0.002 -20"><span class='ocrx_word' id='word_1_85' title='bbox 406 1773 654 1836; x_wconf 84' lang='lat' dir='ltr'>ratione</span> <span class='ocrx_word' id='word_1_86' title='bbox 707 1770 982 1853; x_wconf 87' lang='lat' dir='ltr'>alicujus</span> <span class='ocrx_word' id='word_1_87' title='bbox 1040 1772 1345 1855; x_wconf 83' lang='lat' dir='ltr'>burgagii,</span> <span class='ocrx_word' id='word_1_88' title='bbox 1389 1769 1493 1834; x_wconf 89' lang='lat' dir='ltr'>vel</span> <span class='ocrx_word' id='word_1_89' title='bbox 1538 1769 1782 1854; x_wconf 85' lang='lat' dir='ltr'>scripti,</span> <span class='ocrx_word' id='word_1_90' title='bbox 1827 1770 1895 1832; x_wconf 93' lang='lat' dir='ltr'>in</span> <span class='ocrx_word' id='word_1_91' title='bbox 1944 1790 2110 1833; x_wconf 91' lang='lat' dir='ltr'>omn.</span> <span class='ocrx_word' id='word_1_92' title='bbox 2156 1770 2294 1833; x_wconf 87' lang='lat' dir='ltr'>t&#39;ris</span> <span class='ocrx_word' id='word_1_93' title='bbox 2346 1776 2412 1832; x_wconf 88' lang='lat' dir='ltr'>et</span> <span class='ocrx_word' id='word_1_94' title='bbox 2463 1775 2694 1832; x_wconf 88' lang='lat' dir='ltr'>tenem.</span> 
     </span>
     <span class='ocr_line' id='line_1_12' title="bbox 408 1866 2695 1955; baseline -0.002 -20"><span class='ocrx_word' id='word_1_95' title='bbox 408 1871 858 1955; x_wconf 81' lang='lat' dir='ltr'>praedictorum</span> <span class='ocrx_word' id='word_1_96' title='bbox 934 1869 1100 1935; x_wconf 90' lang='lat' dir='ltr'>Abb.</span> <span class='ocrx_word' id='word_1_97' title='bbox 1160 1877 1228 1935; x_wconf 90' lang='lat' dir='ltr'>et</span> <span class='ocrx_word' id='word_1_98' title='bbox 1302 1871 1500 1935; x_wconf 87' lang='lat' dir='ltr'>Conv.</span> <span class='ocrx_word' id='word_1_99' title='bbox 1562 1869 1734 1932; x_wconf 87' lang='lat' dir='ltr'>infra</span> <span class='ocrx_word' id='word_1_100' title='bbox 1792 1866 2182 1953; x_wconf 78' lang='lat' dir='ltr'>Acregarth²</span> <span class='ocrx_word' id='word_1_101' title='bbox 2240 1869 2312 1931; x_wconf 92' lang='lat' dir='ltr'>in</span> <span class='ocrx_word' id='word_1_102' title='bbox 2372 1868 2548 1932; x_wconf 91' lang='lat' dir='ltr'>villis</span> <span class='ocrx_word' id='word_1_103' title='bbox 2616 1867 2695 1931; x_wconf 89' lang='lat' dir='ltr'>de</span> 
     </span>
     <span class='ocr_line' id='line_1_13' title="bbox 409 1967 2695 2053; baseline -0.001 -21"><span class='ocrx_word' id='word_1_104' title='bbox 409 1969 742 2053; x_wconf 83' lang='lat' dir='ltr'>Whiteby‚</span> <span class='ocrx_word' id='word_1_105' title='bbox 789 1970 1167 2053; x_wconf 83' lang='lat' dir='ltr'>Stakeseby,</span> <span class='ocrx_word' id='word_1_106' title='bbox 1211 1969 1531 2045; x_wconf 85' lang='lat' dir='ltr'>Neuham,</span> <span class='ocrx_word' id='word_1_107' title='bbox 1584 1968 1916 2051; x_wconf 87' lang='lat' dir='ltr'>Presteby,</span> <span class='ocrx_word' id='word_1_108' title='bbox 1961 1967 2265 2051; x_wconf 86' lang='lat' dir='ltr'>Soureby,</span> <span class='ocrx_word' id='word_1_109' title='bbox 2311 1968 2695 2050; x_wconf 86' lang='lat' dir='ltr'>Risewarpe,</span> 
     </span>
     <span class='ocr_line' id='line_1_14' title="bbox 410 2067 2693 2153; baseline -0.002 -20"><span class='ocrx_word' id='word_1_110' title='bbox 410 2068 883 2153; x_wconf 83' lang='lat' dir='ltr'>Northfilynge,</span> <span class='ocrx_word' id='word_1_111' title='bbox 929 2069 1396 2152; x_wconf 86' lang='lat' dir='ltr'>Southfilynge,</span> <span class='ocrx_word' id='word_1_112' title='bbox 1442 2069 1702 2151; x_wconf 86' lang='lat' dir='ltr'>Stoupe‚</span> <span class='ocrx_word' id='word_1_113' title='bbox 1748 2074 1812 2131; x_wconf 86' lang='lat' dir='ltr'>et</span> <span class='ocrx_word' id='word_1_114' title='bbox 1864 2067 2256 2142; x_wconf 86' lang='lat' dir='ltr'>Hakenesse,</span> <span class='ocrx_word' id='word_1_115' title='bbox 2302 2073 2369 2131; x_wconf 86' lang='lat' dir='ltr'>et</span> <span class='ocrx_word' id='word_1_116' title='bbox 2411 2067 2481 2130; x_wconf 93' lang='lat' dir='ltr'>in</span> <span class='ocrx_word' id='word_1_117' title='bbox 2526 2087 2693 2129; x_wconf 89' lang='lat' dir='ltr'>omn.</span> 
     </span>
     <span class='ocr_line' id='line_1_15' title="bbox 410 2164 2695 2251; baseline -0.002 -18"><span class='ocrx_word' id='word_1_118' title='bbox 410 2169 556 2233; x_wconf 85' lang='lat' dir='ltr'>aliis</span> <span class='ocrx_word' id='word_1_119' title='bbox 599 2169 735 2232; x_wconf 88' lang='lat' dir='ltr'>t&#39;ris</span> <span class='ocrx_word' id='word_1_120' title='bbox 767 2174 833 2232; x_wconf 86' lang='lat' dir='ltr'>et</span> <span class='ocrx_word' id='word_1_121' title='bbox 861 2174 989 2232; x_wconf 89' lang='lat' dir='ltr'>ten.</span> <span class='ocrx_word' id='word_1_122' title='bbox 1023 2168 1212 2251; x_wconf 83' lang='lat' dir='ltr'>praed.</span> <span class='ocrx_word' id='word_1_123' title='bbox 1244 2168 1517 2232; x_wconf 82' lang='lat' dir='ltr'>Abbatis</span> <span class='ocrx_word' id='word_1_124' title='bbox 1549 2174 1616 2231; x_wconf 84' lang='lat' dir='ltr'>et</span> <span class='ocrx_word' id='word_1_125' title='bbox 1650 2167 1866 2242; x_wconf 85' lang='lat' dir='ltr'>Conv.,</span> <span class='ocrx_word' id='word_1_126' title='bbox 1895 2168 1967 2229; x_wconf 85' lang='lat' dir='ltr'>in</span> <span class='ocrx_word' id='word_1_127' title='bbox 2010 2165 2505 2249; x_wconf 82' lang='lat' dir='ltr'>quibuscunque</span> <span class='ocrx_word' id='word_1_128' title='bbox 2549 2164 2695 2229; x_wconf 82' lang='lat' dir='ltr'>aliis</span> 
     </span>
     <span class='ocr_line' id='line_1_16' title="bbox 410 2260 2697 2348; baseline -0.001 -17"><span class='ocrx_word' id='word_1_129' title='bbox 410 2268 587 2331; x_wconf 89' lang='lat' dir='ltr'>villis</span> <span class='ocrx_word' id='word_1_130' title='bbox 633 2267 702 2330; x_wconf 91' lang='lat' dir='ltr'>in</span> <span class='ocrx_word' id='word_1_131' title='bbox 750 2267 926 2332; x_wconf 90' lang='lat' dir='ltr'>Com.</span> <span class='ocrx_word' id='word_1_132' title='bbox 960 2266 1425 2331; x_wconf 84' lang='lat' dir='ltr'>Ebor.-videl.</span> <span class='ocrx_word' id='word_1_133' title='bbox 1457 2267 1529 2330; x_wconf 89' lang='lat' dir='ltr'>in</span> <span class='ocrx_word' id='word_1_134' title='bbox 1574 2286 1744 2329; x_wconf 89' lang='lat' dir='ltr'>omn.</span> <span class='ocrx_word' id='word_1_135' title='bbox 1776 2266 1913 2329; x_wconf 87' lang='lat' dir='ltr'>t’ris</span> <span class='ocrx_word' id='word_1_136' title='bbox 1957 2260 2144 2339; x_wconf 69' lang='lat' dir='ltr'>arab„</span> <span class='ocrx_word' id='word_1_137' title='bbox 2173 2265 2394 2348; x_wconf 76' lang='lat' dir='ltr'>pratiS,</span> <span class='ocrx_word' id='word_1_138' title='bbox 2425 2264 2697 2348; x_wconf 84' lang='lat' dir='ltr'>pascuis,</span> 
     </span>
     <span class='ocr_line' id='line_1_17' title="bbox 410 2364 2698 2450; baseline -0.001 -20"><span class='ocrx_word' id='word_1_139' title='bbox 410 2366 710 2450; x_wconf 81' lang='lat' dir='ltr'>pasturis,</span> <span class='ocrx_word' id='word_1_140' title='bbox 756 2366 982 2441; x_wconf 89' lang='lat' dir='ltr'>boscis,</span> <span class='ocrx_word' id='word_1_141' title='bbox 1013 2372 1078 2430; x_wconf 90' lang='lat' dir='ltr'>et</span> <span class='ocrx_word' id='word_1_142' title='bbox 1122 2366 1192 2429; x_wconf 92' lang='lat' dir='ltr'>in</span> <span class='ocrx_word' id='word_1_143' title='bbox 1236 2387 1403 2430; x_wconf 92' lang='lat' dir='ltr'>omn.</span> <span class='ocrx_word' id='word_1_144' title='bbox 1451 2372 1686 2429; x_wconf 87' lang='lat' dir='ltr'>tenem.</span> <span class='ocrx_word' id='word_1_145' title='bbox 1720 2365 1853 2429; x_wconf 88' lang='lat' dir='ltr'>suis</span> <span class='ocrx_word' id='word_1_146' title='bbox 1900 2385 2045 2448; x_wconf 77' lang='lat' dir='ltr'>quae</span> <span class='ocrx_word' id='word_1_147' title='bbox 2089 2370 2244 2428; x_wconf 89' lang='lat' dir='ltr'>sunt</span> <span class='ocrx_word' id='word_1_148' title='bbox 2288 2364 2456 2427; x_wconf 86' lang='lat' dir='ltr'>infra</span> <span class='ocrx_word' id='word_1_149' title='bbox 2501 2365 2698 2427; x_wconf 91' lang='lat' dir='ltr'>Acre-</span> 
     </span>
     <span class='ocr_line' id='line_1_18' title="bbox 412 2463 2697 2550; baseline -0.001 -20"><span class='ocrx_word' id='word_1_150' title='bbox 412 2465 600 2550; x_wconf 86' lang='lat' dir='ltr'>garth</span> <span class='ocrx_word' id='word_1_151' title='bbox 643 2466 716 2528; x_wconf 90' lang='lat' dir='ltr'>in</span> <span class='ocrx_word' id='word_1_152' title='bbox 767 2465 961 2548; x_wconf 87' lang='lat' dir='ltr'>praed.</span> <span class='ocrx_word' id='word_1_153' title='bbox 1012 2466 1187 2529; x_wconf 84' lang='lat' dir='ltr'>villis</span> <span class='ocrx_word' id='word_1_154' title='bbox 1239 2466 1534 2549; x_wconf 91' lang='lat' dir='ltr'>superius</span> <span class='ocrx_word' id='word_1_155' title='bbox 1587 2464 1961 2542; x_wconf 88' lang='lat' dir='ltr'>nominatis,</span> <span class='ocrx_word' id='word_1_156' title='bbox 2004 2464 2112 2528; x_wconf 87' lang='lat' dir='ltr'>vel</span> <span class='ocrx_word' id='word_1_157' title='bbox 2163 2463 2338 2540; x_wconf 86' lang='lat' dir='ltr'>alibi,</span> <span class='ocrx_word' id='word_1_158' title='bbox 2383 2464 2452 2526; x_wconf 92' lang='lat' dir='ltr'>in</span> <span class='ocrx_word' id='word_1_159' title='bbox 2504 2464 2697 2546; x_wconf 83' lang='lat' dir='ltr'>praed.</span> 
     </span>
     <span class='ocr_line' id='line_1_19' title="bbox 414 2562 2696 2650; baseline -0 -20"><span class='ocrx_word' id='word_1_160' title='bbox 414 2567 589 2630; x_wconf 87' lang='lat' dir='ltr'>Com.</span> <span class='ocrx_word' id='word_1_161' title='bbox 644 2562 816 2648; x_wconf 74' lang='lat'>(75¹²)</span> <span class='ocrx_word' id='word_1_162' title='bbox 870 2565 1052 2630; x_wconf 86' lang='lat' dir='ltr'>Ebor.</span> <span class='ocrx_word' id='word_1_163' title='bbox 1077 2565 1286 2629; x_wconf 78' lang='lat' dir='ltr'>z—Ita</span> <span class='ocrx_word' id='word_1_164' title='bbox 1331 2566 1505 2650; x_wconf 91' lang='lat' dir='ltr'>quod</span> <span class='ocrx_word' id='word_1_165' title='bbox 1558 2586 1677 2630; x_wconf 89' lang='lat' dir='ltr'>nec</span> <span class='ocrx_word' id='word_1_166' title='bbox 1729 2586 1862 2650; x_wconf 87' lang='lat' dir='ltr'>ego,</span> <span class='ocrx_word' id='word_1_167' title='bbox 1908 2565 2098 2650; x_wconf 78' lang='lat' dir='ltr'>praed.</span> <span class='ocrx_word' id='word_1_168' title='bbox 2145 2564 2533 2641; x_wconf 86' lang='lat' dir='ltr'>Alexander,</span> <span class='ocrx_word' id='word_1_169' title='bbox 2577 2585 2696 2629; x_wconf 92' lang='lat' dir='ltr'>nec</span> 
     </span>
     <span class='ocr_line' id='line_1_20' title="bbox 414 2665 2700 2749; baseline -0 -20"><span class='ocrx_word' id='word_1_170' title='bbox 414 2666 561 2729; x_wconf 85' lang='lat' dir='ltr'>haer.</span> <span class='ocrx_word' id='word_1_171' title='bbox 592 2666 739 2741; x_wconf 92' lang='lat' dir='ltr'>mei,</span> <span class='ocrx_word' id='word_1_172' title='bbox 770 2665 1031 2748; x_wconf 87' lang='lat' dir='ltr'>aliquod</span> <span class='ocrx_word' id='word_1_173' title='bbox 1069 2666 1235 2749; x_wconf 87' lang='lat' dir='ltr'>juris</span> <span class='ocrx_word' id='word_1_174' title='bbox 1267 2666 1372 2729; x_wconf 89' lang='lat' dir='ltr'>vel</span> <span class='ocrx_word' id='word_1_175' title='bbox 1404 2665 1479 2730; x_wconf 90' lang='lat' dir='ltr'>cl.</span> <span class='ocrx_word' id='word_1_176' title='bbox 1513 2665 1592 2729; x_wconf 89' lang='lat' dir='ltr'>de</span> <span class='ocrx_word' id='word_1_177' title='bbox 1624 2685 1967 2729; x_wconf 91' lang='lat' dir='ltr'>communa</span> <span class='ocrx_word' id='word_1_178' title='bbox 1994 2671 2273 2748; x_wconf 85' lang='lat' dir='ltr'>pasturae</span> <span class='ocrx_word' id='word_1_179' title='bbox 2302 2666 2475 2729; x_wconf 83' lang='lat' dir='ltr'>infra</span> <span class='ocrx_word' id='word_1_180' title='bbox 2503 2667 2700 2729; x_wconf 88' lang='lat' dir='ltr'>Acre-</span> 
     </span>
     <span class='ocr_line' id='line_1_21' title="bbox 413 2764 2702 2849; baseline 0 -21"><span class='ocrx_word' id='word_1_181' title='bbox 413 2765 599 2849; x_wconf 81' lang='lat' dir='ltr'>garth</span> <span class='ocrx_word' id='word_1_182' title='bbox 630 2765 701 2828; x_wconf 93' lang='lat' dir='ltr'>in</span> <span class='ocrx_word' id='word_1_183' title='bbox 730 2765 921 2849; x_wconf 82' lang='lat' dir='ltr'>praed.</span> <span class='ocrx_word' id='word_1_184' title='bbox 951 2766 1138 2830; x_wconf 87' lang='lat' dir='ltr'>terris</span> <span class='ocrx_word' id='word_1_185' title='bbox 1171 2765 1274 2829; x_wconf 87' lang='lat' dir='ltr'>vel</span> <span class='ocrx_word' id='word_1_186' title='bbox 1306 2773 1455 2842; x_wconf 67' lang='lat' dir='ltr'>ten„</span> <span class='ocrx_word' id='word_1_187' title='bbox 1483 2766 1732 2829; x_wconf 87' lang='lat' dir='ltr'>ratione</span> <span class='ocrx_word' id='word_1_188' title='bbox 1779 2765 2068 2849; x_wconf 88' lang='lat' dir='ltr'>burgagii</span> <span class='ocrx_word' id='word_1_189' title='bbox 2099 2764 2203 2829; x_wconf 91' lang='lat' dir='ltr'>vel</span> <span class='ocrx_word' id='word_1_190' title='bbox 2247 2764 2521 2848; x_wconf 87' lang='lat' dir='ltr'>alicujus</span> <span class='ocrx_word' id='word_1_191' title='bbox 2566 2785 2702 2842; x_wconf 70' lang='lat' dir='ltr'>scr„</span> 
     </span>
     <span class='ocr_line' id='line_1_22' title="bbox 417 2864 2701 2948; baseline 0 -21"><span class='ocrx_word' id='word_1_192' title='bbox 417 2871 492 2928; x_wconf 85' lang='lat' dir='ltr'>ut</span> <span class='ocrx_word' id='word_1_193' title='bbox 534 2864 726 2948; x_wconf 80' lang='lat' dir='ltr'>praed.</span> <span class='ocrx_word' id='word_1_194' title='bbox 775 2872 890 2940; x_wconf 86' lang='lat' dir='ltr'>est,</span> <span class='ocrx_word' id='word_1_195' title='bbox 936 2865 1190 2948; x_wconf 85' lang='lat' dir='ltr'>exigere</span> <span class='ocrx_word' id='word_1_196' title='bbox 1234 2865 1342 2928; x_wconf 88' lang='lat' dir='ltr'>vel</span> <span class='ocrx_word' id='word_1_197' title='bbox 1384 2864 1572 2929; x_wconf 87' lang='lat' dir='ltr'>vend.</span> <span class='ocrx_word' id='word_1_198' title='bbox 1616 2864 1969 2948; x_wconf 90' lang='lat' dir='ltr'>poterimus</span> <span class='ocrx_word' id='word_1_199' title='bbox 2012 2865 2085 2928; x_wconf 93' lang='lat' dir='ltr'>in</span> <span class='ocrx_word' id='word_1_200' title='bbox 2138 2865 2469 2928; x_wconf 85' lang='lat' dir='ltr'>futurum:</span> <span class='ocrx_word' id='word_1_201' title='bbox 2520 2864 2701 2928; x_wconf 87' lang='lat' dir='ltr'>salva</span> 
     </span>
     <span class='ocr_line' id='line_1_23' title="bbox 420 2963 2702 3048; baseline 0.001 -22"><span class='ocrx_word' id='word_1_202' title='bbox 420 2963 618 3028; x_wconf 84' lang='lat' dir='ltr'>michi</span> <span class='ocrx_word' id='word_1_203' title='bbox 663 2970 729 3028; x_wconf 91' lang='lat' dir='ltr'>et</span> <span class='ocrx_word' id='word_1_204' title='bbox 772 2963 922 3028; x_wconf 86' lang='lat' dir='ltr'>haer.</span> <span class='ocrx_word' id='word_1_205' title='bbox 953 2964 1114 3028; x_wconf 89' lang='lat' dir='ltr'>meis</span> <span class='ocrx_word' id='word_1_206' title='bbox 1161 2984 1318 3028; x_wconf 93' lang='lat' dir='ltr'>com.</span> <span class='ocrx_word' id='word_1_207' title='bbox 1351 2970 1630 3048; x_wconf 73' lang='lat' dir='ltr'>pasturae</span> <span class='ocrx_word' id='word_1_208' title='bbox 1675 2965 1746 3027; x_wconf 95' lang='lat' dir='ltr'>in</span> <span class='ocrx_word' id='word_1_209' title='bbox 1790 2965 1984 3028; x_wconf 89' lang='lat' dir='ltr'>moris</span> <span class='ocrx_word' id='word_1_210' title='bbox 2016 2970 2082 3028; x_wconf 87' lang='lat' dir='ltr'>et</span> <span class='ocrx_word' id='word_1_211' title='bbox 2125 2965 2325 3028; x_wconf 87' lang='lat' dir='ltr'>vastis</span> <span class='ocrx_word' id='word_1_212' title='bbox 2356 2985 2500 3048; x_wconf 86' lang='lat' dir='ltr'>quae</span> <span class='ocrx_word' id='word_1_213' title='bbox 2544 2972 2702 3029; x_wconf 85' lang='lat' dir='ltr'>sunt</span> 
     </span>
     <span class='ocr_line' id='line_1_24' title="bbox 418 3061 2701 3147; baseline 0.001 -21"><span class='ocrx_word' id='word_1_214' title='bbox 418 3068 602 3126; x_wconf 87' lang='lat' dir='ltr'>extra</span> <span class='ocrx_word' id='word_1_215' title='bbox 623 3061 979 3147; x_wconf 86' lang='lat' dir='ltr'>Acregarth</span> <span class='ocrx_word' id='word_1_216' title='bbox 1011 3063 1081 3126; x_wconf 90' lang='lat' dir='ltr'>in</span> <span class='ocrx_word' id='word_1_217' title='bbox 1109 3064 1435 3147; x_wconf 76' lang='lat' dir='ltr'>praedictis</span> <span class='ocrx_word' id='word_1_218' title='bbox 1457 3063 1649 3128; x_wconf 84' lang='lat' dir='ltr'>villis.</span> <span class='ocrx_word' id='word_1_219' title='bbox 1729 3064 1809 3126; x_wconf 95' lang='lat' dir='ltr'>In</span> <span class='ocrx_word' id='word_1_220' title='bbox 1833 3064 2018 3146; x_wconf 85' lang='lat' dir='ltr'>cujus</span> <span class='ocrx_word' id='word_1_221' title='bbox 2040 3084 2086 3128; x_wconf 92' lang='lat' dir='ltr'>r.</span> <span class='ocrx_word' id='word_1_222' title='bbox 2111 3071 2252 3127; x_wconf 84' lang='lat' dir='ltr'>test.</span> <span class='ocrx_word' id='word_1_223' title='bbox 2277 3065 2701 3146; x_wconf 80' lang='lat' dir='ltr'>praesentibus</span> 
     </span>
     <span class='ocr_line' id='line_1_25' title="bbox 420 3162 2699 3248; baseline 0.002 -24"><span class='ocrx_word' id='word_1_224' title='bbox 420 3163 530 3246; x_wconf 88' lang='lat' dir='ltr'>sig.</span> <span class='ocrx_word' id='word_1_225' title='bbox 580 3183 799 3226; x_wconf 92' lang='lat' dir='ltr'>meum</span> <span class='ocrx_word' id='word_1_226' title='bbox 851 3164 1137 3246; x_wconf 87' lang='lat' dir='ltr'>apposui.</span> <span class='ocrx_word' id='word_1_227' title='bbox 1228 3163 1477 3226; x_wconf 88' lang='lat' dir='ltr'>Datum</span> <span class='ocrx_word' id='word_1_228' title='bbox 1530 3184 1629 3247; x_wconf 85' lang='lat' dir='ltr'>ap.</span> <span class='ocrx_word' id='word_1_229' title='bbox 1682 3163 1995 3247; x_wconf 82' lang='lat' dir='ltr'>Whiteby</span> <span class='ocrx_word' id='word_1_230' title='bbox 2039 3162 2145 3226; x_wconf 90' lang='lat' dir='ltr'>die</span> <span class='ocrx_word' id='word_1_231' title='bbox 2197 3163 2468 3227; x_wconf 87' lang='lat' dir='ltr'>Veneris</span> <span class='ocrx_word' id='word_1_232' title='bbox 2520 3185 2699 3248; x_wconf 81' lang='lat' dir='ltr'>prox,</span> 
     </span>
     <span class='ocr_line' id='line_1_26' title="bbox 421 3261 2699 3347; baseline 0.001 -22"><span class='ocrx_word' id='word_1_233' title='bbox 421 3267 566 3344; x_wconf 89' lang='lat' dir='ltr'>post</span> <span class='ocrx_word' id='word_1_234' title='bbox 599 3262 838 3326; x_wconf 86' lang='lat' dir='ltr'>festum</span> <span class='ocrx_word' id='word_1_235' title='bbox 868 3261 1327 3345; x_wconf 88' lang='lat' dir='ltr'>Apostolorum</span> <span class='ocrx_word' id='word_1_236' title='bbox 1358 3262 1534 3326; x_wconf 87' lang='lat' dir='ltr'>Petri</span> <span class='ocrx_word' id='word_1_237' title='bbox 1565 3268 1632 3326; x_wconf 88' lang='lat' dir='ltr'>et</span> <span class='ocrx_word' id='word_1_238' title='bbox 1662 3261 1850 3326; x_wconf 88' lang='lat' dir='ltr'>Pauli</span> <span class='ocrx_word' id='word_1_239' title='bbox 1881 3282 2050 3325; x_wconf 86' lang='lat' dir='ltr'>anno</span> <span class='ocrx_word' id='word_1_240' title='bbox 2080 3262 2259 3347; x_wconf 86' lang='lat' dir='ltr'>regni</span> <span class='ocrx_word' id='word_1_241' title='bbox 2289 3262 2478 3347; x_wconf 88' lang='lat' dir='ltr'>Angl.</span> <span class='ocrx_word' id='word_1_242' title='bbox 2506 3264 2699 3347; x_wconf 86' lang='lat' dir='ltr'>Regis</span> 
     </span>
     <span class='ocr_line' id='line_1_27' title="bbox 423 3361 2226 3445; baseline 0.001 -20"><span class='ocrx_word' id='word_1_243' title='bbox 423 3361 724 3425; x_wconf 85' lang='lat' dir='ltr'>Edwardi</span> <span class='ocrx_word' id='word_1_244' title='bbox 756 3362 933 3425; x_wconf 86' lang='lat' dir='ltr'>tertii</span> <span class='ocrx_word' id='word_1_245' title='bbox 964 3369 1108 3444; x_wconf 90' lang='lat' dir='ltr'>post</span> <span class='ocrx_word' id='word_1_246' title='bbox 1142 3362 1585 3445; x_wconf 87' lang='lat' dir='ltr'>Conquestum</span> <span class='ocrx_word' id='word_1_247' title='bbox 1614 3362 1919 3426; x_wconf 85' lang='lat' dir='ltr'>vicesimo</span> <span class='ocrx_word' id='word_1_248' title='bbox 1951 3361 2226 3428; x_wconf 69' lang='lat' dir='ltr'>octavo,3</span> 
     </span>
    </p>

    <p class='ocr_par' dir='ltr' id='par_1_4' title="bbox 420 3460 2703 3824">
     <span class='ocr_line' id='line_1_28' title="bbox 506 3460 2703 3546; baseline 0.001 -22"><span class='ocrx_word' id='word_1_249' title='bbox 506 3460 1004 3525; x_wconf 86' lang='lat' dir='ltr'>Memorandum</span> <span class='ocrx_word' id='word_1_250' title='bbox 1050 3461 1224 3544; x_wconf 92' lang='lat' dir='ltr'>quod</span> <span class='ocrx_word' id='word_1_251' title='bbox 1268 3462 1394 3524; x_wconf 88' lang='lat' dir='ltr'>ista</span> <span class='ocrx_word' id='word_1_252' title='bbox 1437 3482 1541 3544; x_wconf 86' lang='lat' dir='ltr'>qu.</span> <span class='ocrx_word' id='word_1_253' title='bbox 1586 3460 1772 3528; x_wconf 87' lang='lat' dir='ltr'>clam.</span> <span class='ocrx_word' id='word_1_254' title='bbox 1810 3482 2004 3544; x_wconf 85' lang='lat' dir='ltr'>supra</span> <span class='ocrx_word' id='word_1_255' title='bbox 2048 3462 2284 3546; x_wconf 87' lang='lat' dir='ltr'>scripta</span> <span class='ocrx_word' id='word_1_256' title='bbox 2328 3462 2703 3526; x_wconf 88' lang='lat' dir='ltr'>irrotulatur</span> 
     </span>
     <span class='ocr_line' id='line_1_29' title="bbox 420 3558 2701 3644; baseline 0.002 -22"><span class='ocrx_word' id='word_1_257' title='bbox 420 3558 490 3622; x_wconf 94' lang='lat' dir='ltr'>in</span> <span class='ocrx_word' id='word_1_258' title='bbox 531 3560 768 3637; x_wconf 88' lang='lat' dir='ltr'>Banco,</span> <span class='ocrx_word' id='word_1_259' title='bbox 795 3559 1008 3623; x_wconf 86' lang='lat' dir='ltr'>rotulo</span> <span class='ocrx_word' id='word_1_260' title='bbox 1051 3560 1261 3644; x_wconf 88' lang='lat' dir='ltr'>primo</span> <span class='ocrx_word' id='word_1_261' title='bbox 1291 3559 1372 3623; x_wconf 91' lang='lat' dir='ltr'>de</span> <span class='ocrx_word' id='word_1_262' title='bbox 1401 3561 1593 3624; x_wconf 88' lang='lat' dir='ltr'>cartis</span> <span class='ocrx_word' id='word_1_263' title='bbox 1636 3568 1704 3624; x_wconf 88' lang='lat' dir='ltr'>et</span> <span class='ocrx_word' id='word_1_264' title='bbox 1746 3562 2270 3644; x_wconf 83' lang='lat' dir='ltr'>protectionibus,</span> <span class='ocrx_word' id='word_1_265' title='bbox 2302 3561 2382 3626; x_wconf 92' lang='lat' dir='ltr'>de</span> <span class='ocrx_word' id='word_1_266' title='bbox 2426 3561 2701 3626; x_wconf 85' lang='lat' dir='ltr'>termino</span> 
     </span>
     <span class='ocr_line' id='line_1_30' title="bbox 422 3659 2702 3745; baseline 0.002 -23"><span class='ocrx_word' id='word_1_267' title='bbox 422 3659 777 3736; x_wconf 83' lang='lat' dir='ltr'>Trinitatis,</span> <span class='ocrx_word' id='word_1_268' title='bbox 827 3680 997 3723; x_wconf 89' lang='lat' dir='ltr'>anno</span> <span class='ocrx_word' id='word_1_269' title='bbox 1057 3679 1104 3724; x_wconf 90' lang='lat' dir='ltr'>r.</span> <span class='ocrx_word' id='word_1_270' title='bbox 1161 3659 1232 3724; x_wconf 86' lang='lat' dir='ltr'>R.</span> <span class='ocrx_word' id='word_1_271' title='bbox 1288 3659 1589 3723; x_wconf 78' lang='lat' dir='ltr'>Edwardi</span> <span class='ocrx_word' id='word_1_272' title='bbox 1647 3660 1826 3724; x_wconf 86' lang='lat' dir='ltr'>tertii</span> <span class='ocrx_word' id='word_1_273' title='bbox 1878 3681 1918 3725; x_wconf 90' lang='lat' dir='ltr'>a</span> <span class='ocrx_word' id='word_1_274' title='bbox 1970 3662 2344 3745; x_wconf 85' lang='lat' dir='ltr'>Conquestu</span> <span class='ocrx_word' id='word_1_275' title='bbox 2396 3662 2702 3727; x_wconf 87' lang='lat' dir='ltr'>vicesimo</span> 
     </span>
     <span class='ocr_line' id='line_1_31' title="bbox 422 3765 663 3824; baseline 0 0"><span class='ocrx_word' id='word_1_276' title='bbox 422 3765 663 3824; x_wconf 84' lang='lat' dir='ltr'>octavo.</span> 
     </span>
    </p>
   </div>
   <div class='ocr_carea' id='block_1_4' title="bbox 422 3893 2705 4295">
    <p class='ocr_par' dir='ltr' id='par_1_5' title="bbox 492 3893 1287 3963">
     <span class='ocr_line' id='line_1_32' title="bbox 492 3893 1287 3963; baseline 0.001 -17"><span class='ocrx_word' id='word_1_277' title='bbox 492 3893 509 3928; x_wconf 92' lang='lat'>¹</span> <span class='ocrx_word' id='word_1_278' title='bbox 547 3895 777 3946; x_wconf 72' lang='lat' dir='ltr'>Thomas</span> <span class='ocrx_word' id='word_1_279' title='bbox 801 3895 869 3946; x_wconf 92' lang='lat' dir='ltr'>de</span> <span class='ocrx_word' id='word_1_280' title='bbox 892 3895 1287 3963; x_wconf 66' lang='lat' dir='ltr'>Haukesgmh.</span> 
     </span>
    </p>

    <p class='ocr_par' dir='ltr' id='par_1_6' title="bbox 422 3976 2705 4295">
     <span class='ocr_line' id='line_1_33' title="bbox 491 3976 2703 4045; baseline 0.001 -16"><span class='ocrx_word' id='word_1_281' title='bbox 491 3976 515 4011; x_wconf 84' lang='lat'>²</span> <span class='ocrx_word' id='word_1_282' title='bbox 549 3978 649 4029; x_wconf 84' lang='lat' dir='ltr'>See</span> <span class='ocrx_word' id='word_1_283' title='bbox 673 3983 798 4029; x_wconf 83' lang='lat' dir='ltr'>note</span> <span class='ocrx_word' id='word_1_284' title='bbox 823 3980 871 4040; x_wconf 82' lang='lat'>4,</span> <span class='ocrx_word' id='word_1_285' title='bbox 894 3995 941 4044; x_wconf 91' lang='lat' dir='ltr'>p.</span> <span class='ocrx_word' id='word_1_286' title='bbox 965 3980 1087 4039; x_wconf 76' lang='lat'>425,</span> <span class='ocrx_word' id='word_1_287' title='bbox 1104 3984 1163 4030; x_wconf 89' lang='lat' dir='ltr'>to</span> <span class='ocrx_word' id='word_1_288' title='bbox 1187 3979 1467 4045; x_wconf 84' lang='lat' dir='ltr'>preceding</span> <span class='ocrx_word' id='word_1_289' title='bbox 1484 3979 1782 4031; x_wconf 76' lang='lat' dir='ltr'>document.</span> <span class='ocrx_word' id='word_1_290' title='bbox 1845 3980 1923 4029; x_wconf 80' lang='lat' dir='ltr'>As</span> <span class='ocrx_word' id='word_1_291' title='bbox 1945 3979 2040 4030; x_wconf 84' lang='lat' dir='ltr'>the</span> <span class='ocrx_word' id='word_1_292' title='bbox 2058 3978 2322 4030; x_wconf 85' lang='lat' dir='ltr'>Aeredike</span> <span class='ocrx_word' id='word_1_293' title='bbox 2342 3996 2449 4031; x_wconf 78' lang='lat' dir='ltr'>was</span> <span class='ocrx_word' id='word_1_294' title='bbox 2466 3980 2560 4031; x_wconf 86' lang='lat' dir='ltr'>the</span> <span class='ocrx_word' id='word_1_295' title='bbox 2578 3981 2703 4032; x_wconf 85' lang='lat' dir='ltr'>dike</span> 
     </span>
     <span class='ocr_line' id='line_1_34' title="bbox 422 4061 2703 4129; baseline 0.002 -18"><span class='ocrx_word' id='word_1_296' title='bbox 422 4061 779 4128; x_wconf 81' lang='lat' dir='ltr'>surrounding</span> <span class='ocrx_word' id='word_1_297' title='bbox 802 4061 907 4112; x_wconf 79' lang='lat' dir='ltr'>and</span> <span class='ocrx_word' id='word_1_298' title='bbox 931 4062 1231 4129; x_wconf 77' lang='lat' dir='ltr'>protecting</span> <span class='ocrx_word' id='word_1_299' title='bbox 1252 4061 1345 4113; x_wconf 87' lang='lat' dir='ltr'>the</span> <span class='ocrx_word' id='word_1_300' title='bbox 1370 4078 1595 4127; x_wconf 74' lang='lat' dir='ltr'>campus,</span> <span class='ocrx_word' id='word_1_301' title='bbox 1627 4078 1687 4112; x_wconf 87' lang='lat' dir='ltr'>or</span> <span class='ocrx_word' id='word_1_302' title='bbox 1711 4062 2012 4114; x_wconf 77' lang='lat' dir='ltr'>corn-lande</span> <span class='ocrx_word' id='word_1_303' title='bbox 2038 4063 2093 4113; x_wconf 79' lang='lat' dir='ltr'>of</span> <span class='ocrx_word' id='word_1_304' title='bbox 2124 4062 2250 4112; x_wconf 81' lang='lat' dir='ltr'>each</span> <span class='ocrx_word' id='word_1_305' title='bbox 2276 4063 2478 4114; x_wconf 80' lang='lat' dir='ltr'>several</span> <span class='ocrx_word' id='word_1_306' title='bbox 2503 4063 2613 4124; x_wconf 81' lang='lat' dir='ltr'>vill,</span> <span class='ocrx_word' id='word_1_307' title='bbox 2645 4081 2703 4115; x_wconf 83' lang='lat' dir='ltr'>so</span> 
     </span>
     <span class='ocr_line' id='line_1_35' title="bbox 423 4143 2703 4213; baseline 0.002 -19"><span class='ocrx_word' id='word_1_308' title='bbox 423 4143 514 4194; x_wconf 84' lang='lat' dir='ltr'>the</span> <span class='ocrx_word' id='word_1_309' title='bbox 541 4143 931 4211; x_wconf 77' lang='lat' dir='ltr'>“Acregarth”</span> <span class='ocrx_word' id='word_1_310' title='bbox 954 4145 1101 4195; x_wconf 73' lang='lat' dir='ltr'>itself</span> <span class='ocrx_word' id='word_1_311' title='bbox 1134 4161 1242 4196; x_wconf 79' lang='lat' dir='ltr'>was</span> <span class='ocrx_word' id='word_1_312' title='bbox 1278 4146 1371 4196; x_wconf 85' lang='lat' dir='ltr'>the</span> <span class='ocrx_word' id='word_1_313' title='bbox 1407 4161 1560 4211; x_wconf 75' lang='lat' dir='ltr'>space</span> <span class='ocrx_word' id='word_1_314' title='bbox 1595 4162 1655 4196; x_wconf 75' lang='grc' dir='ltr'>ιο</span> <span class='ocrx_word' id='word_1_315' title='bbox 1690 4144 2033 4206; x_wconf 78' lang='lat' dir='ltr'>surrounded,</span> <span class='ocrx_word' id='word_1_316' title='bbox 2066 4144 2158 4196; x_wconf 87' lang='lat' dir='ltr'>the</span> <span class='ocrx_word' id='word_1_317' title='bbox 2194 4145 2424 4198; x_wconf 78' lang='lat' dir='ltr'>clement</span> <span class='ocrx_word' id='word_1_318' title='bbox 2450 4147 2652 4213; x_wconf 78' lang='lat' dir='ltr'>“gar-th</span> <span class='ocrx_word' id='word_1_319' title='bbox 2673 4146 2703 4171; x_wconf 89' lang='lat'>’‘</span> 
     </span>
     <span class='ocr_line' id='line_1_36' title="bbox 422 4225 2705 4295; baseline 0.002 -18"><span class='ocrx_word' id='word_1_320' title='bbox 422 4226 719 4294; x_wconf 85' lang='lat' dir='ltr'>depending</span> <span class='ocrx_word' id='word_1_321' title='bbox 755 4244 825 4280; x_wconf 88' lang='lat' dir='ltr'>on</span> <span class='ocrx_word' id='word_1_322' title='bbox 859 4227 918 4278; x_wconf 92' lang='grc' dir='ltr'>Ο.</span> <span class='ocrx_word' id='word_1_323' title='bbox 947 4227 1014 4279; x_wconf 80' lang='lat' dir='ltr'>N.</span> <span class='ocrx_word' id='word_1_324' title='bbox 1041 4225 1221 4293; x_wconf 69' lang='lat' dir='ltr'>qar&#39;Br,</span> <span class='ocrx_word' id='word_1_325' title='bbox 1252 4245 1319 4279; x_wconf 85' lang='lat' dir='ltr'>an</span> <span class='ocrx_word' id='word_1_326' title='bbox 1357 4229 1598 4280; x_wconf 83' lang='lat' dir='ltr'>enclosed</span> <span class='ocrx_word' id='word_1_327' title='bbox 1633 4245 1801 4294; x_wconf 78' lang='lat' dir='ltr'>space.</span> <span class='ocrx_word' id='word_1_328' title='bbox 1876 4229 1988 4279; x_wconf 81' lang='lat' dir='ltr'>The</span> <span class='ocrx_word' id='word_1_329' title='bbox 2023 4232 2237 4295; x_wconf 76' lang='lat' dir='ltr'>present</span> <span class='ocrx_word' id='word_1_330' title='bbox 2271 4229 2406 4280; x_wconf 86' lang='lat' dir='ltr'>deed</span> <span class='ocrx_word' id='word_1_331' title='bbox 2441 4230 2623 4281; x_wconf 73' lang='lat' dir='ltr'>makes</span> <span class='ocrx_word' id='word_1_332' title='bbox 2659 4231 2705 4283; x_wconf 88' lang='lat' dir='ltr'>it</span> 
     </span>
    </p>
   </div>
   <div class='ocr_carea' id='block_1_5' title="bbox 422 4310 2703 4444">
    <p class='ocr_par' dir='ltr' id='par_1_7' title="bbox 422 4310 2703 4444">
     <span class='ocr_line' id='line_1_37' title="bbox 422 4310 2703 4382; baseline 0.002 -22"><span class='ocrx_word' id='word_1_333' title='bbox 422 4315 680 4376; x_wconf 74' lang='lat' dir='ltr'>apparent</span> <span class='ocrx_word' id='word_1_334' title='bbox 715 4310 837 4362; x_wconf 79' lang='lat' dir='ltr'>that</span> <span class='ocrx_word' id='word_1_335' title='bbox 871 4310 964 4362; x_wconf 85' lang='lat' dir='ltr'>the</span> <span class='ocrx_word' id='word_1_336' title='bbox 1001 4311 1151 4363; x_wconf 83' lang='lat' dir='ltr'>word</span> <span class='ocrx_word' id='word_1_337' title='bbox 1186 4328 1296 4364; x_wconf 75' lang='lat' dir='ltr'>was</span> <span class='ocrx_word' id='word_1_338' title='bbox 1330 4311 1621 4379; x_wconf 78' lang='lat' dir='ltr'>applicable</span> <span class='ocrx_word' id='word_1_339' title='bbox 1661 4313 1718 4362; x_wconf 88' lang='lat' dir='ltr'>in</span> <span class='ocrx_word' id='word_1_340' title='bbox 1754 4312 1884 4363; x_wconf 78' lang='lat' dir='ltr'>each</span> <span class='ocrx_word' id='word_1_341' title='bbox 1922 4311 1978 4364; x_wconf 84' lang='lat' dir='ltr'>of</span> <span class='ocrx_word' id='word_1_342' title='bbox 2018 4314 2111 4365; x_wconf 86' lang='lat' dir='ltr'>the</span> <span class='ocrx_word' id='word_1_343' title='bbox 2147 4312 2270 4364; x_wconf 80' lang='lat' dir='ltr'>vills</span> <span class='ocrx_word' id='word_1_344' title='bbox 2310 4330 2371 4364; x_wconf 85' lang='lat' dir='ltr'>or</span> <span class='ocrx_word' id='word_1_345' title='bbox 2409 4314 2703 4382; x_wconf 71' lang='lat' dir='ltr'>townships</span> 
     </span>
     <span class='ocr_line' id='line_1_38' title="bbox 422 4393 627 4444; baseline 0 0"><span class='ocrx_word' id='word_1_346' title='bbox 422 4393 627 4444; x_wconf 76' lang='lat' dir='ltr'>named.</span> 
     </span>
    </p>
   </div>
   <div class='ocr_carea' id='block_1_6' title="bbox 426 4473 2700 4619">
    <p class='ocr_par' dir='ltr' id='par_1_8' title="bbox 426 4473 2700 4619">
     <span class='ocr_line' id='line_1_39' title="bbox 494 4473 2700 4546; baseline 0.002 -19"><span class='ocrx_word' id='word_1_347' title='bbox 494 4473 517 4508; x_wconf 82' lang='lat'><strong>³</strong></span> <span class='ocrx_word' id='word_1_348' title='bbox 550 4475 684 4542; x_wconf 83' lang='lat' dir='ltr'>July</span> <span class='ocrx_word' id='word_1_349' title='bbox 707 4478 756 4536; x_wconf 82' lang='lat'>4,</span> <span class='ocrx_word' id='word_1_350' title='bbox 794 4478 944 4528; x_wconf 84' lang='lat'>1354.</span> <span class='ocrx_word' id='word_1_351' title='bbox 1019 4477 1273 4544; x_wconf 82' lang='lat' dir='ltr'>Through</span> <span class='ocrx_word' id='word_1_352' title='bbox 1298 4494 1367 4528; x_wconf 81' lang='lat' dir='ltr'>an</span> <span class='ocrx_word' id='word_1_353' title='bbox 1392 4476 1765 4530; x_wconf 75' lang='lat' dir='ltr'>inadvertenoe</span> <span class='ocrx_word' id='word_1_354' title='bbox 1797 4482 1932 4532; x_wconf 80' lang='lat'><strong>1355</strong></span> <span class='ocrx_word' id='word_1_355' title='bbox 1969 4480 2015 4530; x_wconf 72' lang='lat' dir='ltr'>in</span> <span class='ocrx_word' id='word_1_356' title='bbox 2051 4480 2262 4545; x_wconf 79' lang='lat' dir='ltr'>printed</span> <span class='ocrx_word' id='word_1_357' title='bbox 2299 4497 2367 4531; x_wconf 91' lang='lat' dir='ltr'>on</span> <span class='ocrx_word' id='word_1_358' title='bbox 2405 4497 2453 4546; x_wconf 90' lang='lat' dir='ltr'>p.</span> <span class='ocrx_word' id='word_1_359' title='bbox 2479 4481 2700 4532; x_wconf 78' lang='lat' dir='ltr'>lxxxvii.</span> 
     </span>
     <span class='ocr_line' id='line_1_40' title="bbox 426 4557 1098 4619; baseline 0.006 -12"><span class='ocrx_word' id='word_1_360' title='bbox 426 4557 528 4609; x_wconf 81' lang='lat' dir='ltr'>vol.</span> <span class='ocrx_word' id='word_1_361' title='bbox 555 4558 608 4619; x_wconf 79' lang='lat' dir='ltr'>i..</span> <span class='ocrx_word' id='word_1_362' title='bbox 633 4558 741 4609; x_wconf 79' lang='lat' dir='ltr'>and</span> <span class='ocrx_word' id='word_1_363' title='bbox 763 4558 819 4608; x_wconf 89' lang='lat' dir='ltr'>in</span> <span class='ocrx_word' id='word_1_364' title='bbox 842 4559 935 4610; x_wconf 85' lang='lat' dir='ltr'>the</span> <span class='ocrx_word' id='word_1_365' title='bbox 962 4565 1098 4612; x_wconf 87' lang='lat' dir='ltr'>note.</span> 
     </span>
    </p>
   </div>
  </div>
 </body>
</html>
