3254 5140
745 623 1294 677 CARTULARIUM
1331 622 1737 674 ABBATHIAE
1773 624 1872 674 DE
1907 622 2276 675 WHITEBY.
2528 611 2646 669 541

382 789 572 872 praed.
604 809 859 873 semper
892 789 1207 853 hactenus
1252 788 1733 852 rationabiliter
1759 788 1859 850 uti
1895 793 1960 851 et
2006 787 2281 871 gaudere
2311 806 2658 851 consueve-

379 895 552 951 runt.
661 889 744 952 In
788 890 974 971 cujus
1025 889 1121 952 rei
1179 893 1324 952 test.
1385 888 1501 952 has
1561 888 1813 952 litteras
1874 894 2126 952 nostras
2186 887 2325 951 fieri
2383 887 2655 951 fecimus

381 993 696 1069 patentes.
788 991 978 1053 Teste
1036 1008 1142 1053 me
1198 988 1341 1071 ipso
1400 988 1574 1071 apud
1626 989 1853 1063 west„
1902 988 2212 1051 vicesimo
2270 986 2500 1069 quinto
2551 985 2657 1048 die

381 1087 630 1170 Aprilis
652 1088 744 1151 Αο
774 1110 818 1152 r.
850 1089 1055 1153 nostri
1076 1088 1383 1152 vicesimo
1412 1095 1643 1171 quarto
1677 1086 1922 1170 [1446]
2001 1087 2138 1150 Nos
2170 1092 2406 1161 autem,
2428 1083 2568 1167 pias
2593 1091 2660 1147 et

380 1186 741 1252 laudabiles
785 1188 1182 1252 intentiones
1228 1188 1547 1251 dictorum
1590 1187 1967 1252 inclitorum
2007 1185 2482 1269 progenitorum
2512 1203 2660 1246 nos-

382 1293 628 1350 trorum
672 1287 904 1351 intime
949 1287 1399 1370 ponderanteS,
1429 1308 1503 1351 ac
1548 1287 1630 1350 ad
1673 1287 2099 1351 reverentiam
2143 1285 2330 1348 dictae
2372 1282 2662 1367 gloriosae

382 1386 674 1471 Virginis
710 1387 929 1451 Hildae
974 1408 1138 1470 quse,
1166 1407 1299 1470 prae
1339 1387 1586 1451 caeteris
1618 1386 1977 1470 virginibus
2006 1387 2077 1449 in
2106 1383 2347 1468 Anglia
2389 1382 2661 1467 gloriose

383 1485 661 1570 refulget
734 1485 1083 1561 miracuIiS,
1141 1485 1389 1549 dictum
1449 1485 1940 1561 Monasterium,
1998 1504 2141 1548 cum
2199 1482 2334 1547 suis
2385 1480 2660 1565 juribuS,

381 1583 790 1649 libertatibus
814 1592 881 1648 et
903 1583 1321 1667 pertinenciis
1346 1584 1686 1660 universis,
1708 1583 1983 1647 illaesum
2002 1583 2332 1646 observare
2353 1579 2662 1653 volentes,

384 1702 608 1746 omnes
637 1688 703 1746 et
733 1682 1020 1766 singulas
1051 1687 1258 1746 cartas
1290 1688 1357 1745 et
1385 1682 1635 1745 litteras
1681 1681 2037 1765 praedictae,
2067 1700 2318 1744 necnon
2350 1678 2567 1742 omnia
2597 1682 2666 1740 et

385 1780 641 1864 singula
669 1781 738 1843 in
770 1780 1013 1844 eisdem
1058 1781 1254 1844 cartis
1298 1787 1366 1844 et
1407 1780 1649 1844 litteris
1694 1785 2017 1855 contenta,
2061 1784 2203 1842 rata
2245 1778 2556 1841 habentes
2601 1780 2667 1838 et

384 1884 585 1960 grata,
615 1899 690 1942 ea
723 1898 840 1961 pro
873 1879 1078 1955 nobis,
1109 1878 1259 1943 hoer.
1292 1884 1358 1942 et
1388 1899 1555 1943 succ.
1588 1878 1845 1953 nostris,
1877 1883 2199 1962 quantum
2228 1877 2298 1939 in
2330 1876 2515 1938 nobis
2547 1881 2663 1950 est,

387 1982 812 2060 acceptamus,
841 1977 1284 2061 approbamus,
1315 1984 1383 2041 et
1412 1975 1723 2060 Hugoni,¹
1755 1996 1930 2039 nunc
1974 1975 2236 2050 Abbati,
2267 1981 2331 2037 et
2375 1973 2661 2056 ejusdem

390 2076 772 2141 Monasterii
795 2077 932 2141 sive
955 2077 1262 2141 Ecclesiae
1285 2077 1671 2151 Conventui,
1696 2080 1762 2139 et
1785 2095 1952 2139 succ.
1976 2074 2129 2150 suis,
2157 2073 2431 2156 gratiam
2454 2072 2522 2135 in
2544 2072 2663 2136 hac

388 2181 570 2256 parte
614 2175 1022 2252 ratificamus„
1067 2175 1496 2250 concedimus,
1526 2179 1592 2237 et
1623 2174 2093 2249 confirmamus,
2129 2176 2320 2256 prout
2363 2177 2556 2234 cartae
2599 2178 2668 2234 et

388 2272 622 2337 litterae
665 2273 860 2358 praed.
904 2273 1376 2338 rationabiliter
1421 2277 1762 2337 testantur.
1853 2272 2170 2335 Praeterea
2215 2268 2506 2333 volentes
2554 2269 2667 2345 eis,

389 2393 567 2436 nunc
596 2374 840 2438 Abbati
870 2381 937 2438 et
968 2375 1189 2450 Conv.,
1217 2380 1284 2438 et
1315 2393 1479 2437 succ.
1513 2373 1666 2448 suiS,
1696 2371 1965 2456 gratiam
1999 2371 2067 2434 in
2099 2370 2221 2433 hac
2249 2374 2431 2453 parte
2461 2368 2667 2433 facere

388 2472 764 2548 uberiorem,
817 2473 896 2537 de
946 2473 1154 2557 gratia
1206 2478 1428 2536 nostra
1479 2471 1747 2555 speciali
1797 2469 2246 2545 concessimuS,
2295 2488 2412 2551 pro
2464 2467 2669 2544 nobis,

389 2570 559 2648 haer„
588 2580 655 2636 et
684 2593 850 2637 succ.
881 2573 1119 2637 nostris
1164 2572 1378 2655 prsed„
1407 2577 1728 2655 quantum
1757 2570 1827 2634 in
1859 2570 2045 2636 nobis
2075 2576 2191 2646 est,
2221 2567 2463 2633 eisdem
2493 2589 2668 2632 nunc

388 2671 633 2735 Abbati
662 2679 730 2737 et
759 2673 957 2737 Conv.
990 2679 1058 2736 et
1086 2693 1252 2736 succ.
1284 2671 1438 2748 suis,
1467 2670 1642 2755 quod
1685 2671 1841 2735 licet
1883 2671 2011 2754 ipsi
2039 2670 2144 2734 vel
2176 2668 2669 2753 praedecessores

390 2771 497 2835 sui
539 2771 758 2856 aliqua
800 2772 906 2836 vel
951 2772 1278 2855 aliquibus
1324 2771 1852 2846 franchesiarum,
1897 2770 2126 2846 libert„
2169 2768 2668 2852 privilegiorum,

389 2871 951 2947 consuetudinum,
995 2870 1500 2946 immunitatum,
1543 2869 2004 2934 allocationum
2047 2875 2115 2932 et
2165 2867 2669 2950 quietantiarum

389 2969 462 3033 in
506 2968 697 3033 dictis
742 2971 935 3034 cartis
980 2977 1047 3034 et
1087 2970 1217 3033 litt.
1265 2975 1734 3044 contentorum,
1775 2969 1993 3052 aliquo
2039 2988 2191 3032 casu
2235 2986 2481 3049 emerg„
2519 2966 2669 3029 hac-

390 3075 584 3133 tenus
612 3068 802 3151 plene
832 3070 934 3134 usi
965 3089 1096 3132 non
1128 3068 1370 3132 fuerint
1395 3067 1498 3132 vel
1528 3067 1938 3131 abusi—scil.
1965 3086 2184 3130 eorum
2215 3063 2449 3147 aliquis
2478 3063 2669 3146 plene

389 3188 548 3231 usus
579 3188 709 3232 non
749 3167 942 3232 fuerit
971 3167 1078 3231 vel
1108 3166 1635 3241 abusus—,iidem
1683 3173 1899 3229 tamen
1947 3184 2120 3230 nunc
2151 3163 2367 3225 Abbas
2398 3167 2464 3225 et
2496 3162 2670 3239 Con„

391 3275 462 3331 et
509 3287 674 3331 succ.
722 3267 842 3343 sui,
886 3266 1285 3342 franchesiiS,
1314 3264 1675 3349 privilegiis
1719 3269 1835 3327 etc.
1883 3313 1897 3327 .
1944 3313 1956 3327 .
2004 3261 2384 3345 quietantiis
2428 3260 2559 3325 illis
2604 3269 2672 3325 et

391 3385 614 3430 eorum
665 3366 956 3450 quolibet
1007 3365 1085 3430 de
1146 3370 1376 3430 caetero
1436 3364 1627 3448 plene
1685 3362 2011 3446 gaudeant
2068 3369 2137 3424 et
2185 3364 2471 3434 utantur,
2530 3359 2671 3423 sine

392 3465 723 3529 occasione
742 3465 850 3529 vel
872 3465 1338 3548 impedimento
1362 3463 1566 3527 nostri
1588 3463 1693 3527 vel
1718 3462 1865 3526 haer.
1891 3465 2272 3535 nostrorum,
2294 3459 2340 3522 J
2341 3458 2526 3522 ustic.
2552 3466 2669 3523 etc.

393 3570 755 3627 nostrorum
807 3584 1352 3648 quorumcunque.
1461 3563 1549 3625 Et
1597 3561 1874 3626 ulterius
1927 3561 2038 3643 (m.
2098 3563 2224 3639 20),
2278 3578 2359 3621 ne
2411 3567 2674 3641 propter

391 3663 846 3727 obscuritatem
891 3683 1003 3727 seu
1048 3662 1535 3746 generalitatem
1577 3661 1920 3729 verborum
1966 3657 2074 3722 vel
2127 3657 2549 3721 terminorum
2601 3657 2671 3719 in

390 3761 583 3825 cartis
614 3768 680 3825 et
721 3761 848 3825 litt.
877 3761 1092 3845 praed„
1121 3760 1228 3824 vel
1258 3780 1479 3825 earum
1526 3759 1746 3843 aliqua
1786 3763 2252 3831 contentorum,
2295 3756 2402 3818 vel
2447 3754 2671 3837 quam-

392 3879 646 3943 cunque
691 3860 884 3924 aliam
922 3880 1182 3924 causam
1213 3859 1317 3923 vel
1347 3859 1745 3922 occasionem
1777 3857 1847 3919 in
1879 3855 2416 3930 concessionibus,
2447 3854 2672 3918 confir·

393 3957 805 4034 mationibus,
836 3959 1028 4022 cartis
1075 3958 1182 4022 vel
1225 3959 1350 4022 litt.
1397 3957 1717 4020 dictorum
1763 3955 2246 4039 progenitorum
2292 3959 2673 4029 nostrorum,

393 4062 508 4121 aut
559 4055 833 4139 alicujus
885 4077 1123 4133 earum,
1173 4057 1280 4120 vel
1331 4055 1571 4119 nostris
1632 4054 1976 4138 praedictis,
2028 4061 2142 4117 aut
2199 4052 2269 4115 in
2328 4052 2543 4136 aliquo
2603 4053 2673 4115 in

393 4154 637 4219 eisdem
671 4155 771 4218 vel
802 4175 1022 4218 earum
1063 4155 1285 4239 aliqua
1315 4159 1642 4229 contentO,
1673 4173 1787 4216 seu
1831 4152 1903 4215 in
1947 4150 2440 4215 allocationibus
2485 4170 2676 4233 super

394 4254 634 4318 eisdem
667 4260 735 4317 et
764 4274 885 4317 usu
929 4303 943 4317 .
992 4303 1006 4317 .
1053 4252 1095 4317 ,²
1137 4253 1408 4317 materia
1451 4250 1830 4336 quaestionis
1868 4249 1975 4315 vel
2020 4249 2201 4312 dubii
2246 4249 2314 4311 in
2347 4254 2672 4332 posterum

607 4389 629 4424 ¹
665 4390 830 4458 Hugh
855 4390 1109 4442 Elei-ton:
1154 4391 1471 4446 1437-1462.

606 4469 629 4505 ²
666 4474 907 4540 Reuding
930 4474 1219 4525 uncertain.
1294 4474 1349 4525 It
1373 4490 1595 4540 appears
1619 4477 1677 4525 to
1702 4472 1768 4523 be
1796 4473 1875 4525 h'r
1898 4476 1997 4524 sive
2025 4475 2104 4535 (or
2125 4473 2249 4534 siae)
2259 4469 2410 4534 sact'.
