3254 5140
547 574 672 632 514
913 584 1459 638 CARTULARIUM
1494 585 1902 637 ABBATHIAE
1937 584 2037 636 DE
2074 583 2446 636 WHITEBY.

543 735 762 813 nostra
781 748 859 813 de
878 749 1209 832 Whiteby,
1229 754 1484 813 tantum
1506 770 1666 833 quas
1690 749 1987 830 Rallivus
2007 756 2242 826 noster,
2265 749 2379 832 qui
2402 769 2518 832 pro
2541 753 2826 831 tempore

544 846 755 924 fuerit,
797 849 1078 931 recipere
1118 848 1384 926 solebat,
1432 856 1500 913 et
1546 850 1616 912 in
1665 855 1962 930 compoto
2015 869 2131 912 suo
2183 847 2371 912 fidele
2414 846 2827 910 ratiocinium

543 946 729 1010 nobis
805 947 1142 1010 annuatim
1214 948 1561 1030 praestabat
1581 946 1899 1010 z—Salvis
1973 946 2160 1010 nobis
2235 952 2302 1009 et
2362 966 2528 1011 succ.
2588 944 2826 1008 nostris

540 1046 914 1128 perquisitis
988 1053 1055 1109 et
1121 1047 1637 1110 amerciamentis
1713 1046 1924 1110 Curiae
1997 1045 2335 1121 dietarum,
2396 1049 2463 1108 et
2535 1044 2829 1107 omnium

540 1144 814 1207 aliarum
860 1145 1587 1209 Curiarum—Habend.
1642 1151 1708 1209 et
1750 1143 2141 1228 percipiend.
2179 1143 2504 1228 praedictis
2549 1143 2828 1206 Roberto

544 1250 612 1306 et
662 1243 997 1322 Nicholao,
1050 1265 1271 1308 eorum
1328 1244 1476 1308 haer.
1531 1250 1598 1308 et
1643 1244 1874 1327 assign.
1929 1243 2082 1319 suis,
2133 1264 2172 1306 a
2221 1242 2262 1306 f.
2325 1242 2386 1307 S.
2441 1242 2713 1306 Martini
2755 1242 2828 1305 in

541 1342 771 1419 hieme,
800 1342 964 1408 ΑΒ.
996 1343 1453 1407 M⁰cccm⁰lvii¹¹¹0
1481 1362 1689 1425 usque
1719 1343 1914 1405 finem
1936 1342 2199 1405 termini
2222 1341 2494 1405 duorum
2513 1361 2827 1404 annorum

539 1461 720 1523 prox.
751 1442 1162 1523 sequentium
1190 1440 1479 1523 plenarie
1510 1440 1994 1523 completorum.
2067 1440 2154 1503 Et
2184 1439 2239 1502 si
2271 1461 2386 1523 per
2405 1439 2827 1517 vacationem,

543 1559 659 1602 seu
700 1559 816 1622 per
858 1544 1148 1616 mortem,
1178 1539 1287 1603 vel
1316 1539 1739 1603 cessationem
1767 1538 2061 1615 Abbatis‚
2090 1539 2197 1604 vel
2227 1559 2343 1622 per
2372 1539 2574 1603 alium
2604 1558 2825 1602 casum

541 1638 901 1712 fortuitum,
925 1637 1130 1701 dictas
1152 1638 1584 1720 possessiones
1610 1637 1800 1701 dictae
1827 1637 2004 1701 vinae
2034 1645 2270 1701 nostrae
2302 1637 2381 1701 de
2411 1636 2721 1719 Whiteby
2751 1637 2822 1699 in

542 1756 809 1799 manum
881 1736 1037 1799 D'ni
1105 1737 1298 1819 Regis
1358 1736 1716 1820 capiantur,
1772 1736 1868 1799 ita
1926 1736 2101 1818 quod
2159 1736 2318 1799 dicti
2379 1735 2699 1799 Robertus
2759 1739 2825 1798 et

544 1834 916 1911 NicholauS‚
944 1834 1053 1899 vel
1095 1843 1467 1899 executores
1512 1834 1632 1912 sui,
1662 1835 2147 1899 commoditates
2187 1834 2526 1918 praedictas
2557 1833 2637 1897 de
2669 1833 2825 1897 villa

542 1934 866 2017 percipere
911 1955 1041 1997 non
1087 1934 1830 2018 potuerint—Volumus
1876 1941 1942 1999 et
1973 1935 2380 1999 concedimus
2404 1933 2595 2016 quod,
2623 1933 2826 1996 finitis

543 2033 794 2097 duobus
838 2033 1070 2111 annis,1
1113 2054 1229 2116 per
1272 2038 1532 2097 tantum
1575 2039 1835 2116 tempus
1881 2039 1945 2098 et
1981 2034 2052 2098 in
2083 2034 2305 2099 eodem
2335 2040 2621 2116 tempore
2650 2033 2826 2110 anni,

542 2153 764 2197 omnes
810 2134 1023 2197 exitus
1071 2140 1137 2197 et
1165 2140 1534 2216 proventus,
1562 2141 1641 2198 ut
1669 2134 2053 2217 praedictum
2081 2139 2197 2210 est,
2227 2134 2417 2216 plene
2447 2132 2729 2196 habeant
2758 2138 2825 2195 et

542 2233 920 2315 percipiant.
1011 2234 1098 2296 Et
1141 2233 1198 2297 si
1242 2235 1578 2317 contingat
1607 2233 1783 2316 quod
1812 2232 1971 2295 dicti
2003 2233 2324 2296 Robertus
2355 2239 2421 2295 et
2451 2233 2516 2294 N
2518 2232 2827 2307 icholaus‚

542 2332 650 2395 vel
701 2352 871 2396 exec.
926 2332 1046 2407 sui,
1090 2351 1206 2395 seu
1249 2332 1486 2414 aliquis
1531 2352 1750 2396 eorum
1809 2331 2088 2407 nomine,
2139 2331 2211 2393 in
2262 2330 2826 2394 commoditatibus

543 2431 734 2513 praed.
766 2431 1212 2514 percipiendis,
1241 2450 1357 2513 per
1386 2451 1473 2506 se,
1501 2430 1607 2493 vel
1637 2450 1752 2513 per
1781 2428 1984 2492 alium
2014 2429 2295 2504 modum,
2325 2429 2688 2504 excesserit,
2710 2449 2828 2512 per

544 2529 717 2614 quod
759 2529 981 2593 Abbas
1026 2536 1091 2593 et
1139 2529 1336 2594 Conv.
1383 2529 1677 2612 praedicti
1722 2529 1792 2591 in
1836 2533 2167 2611 posterum
2213 2526 2466 2611 gravari
2518 2533 2827 2609 poterunt

543 2629 802 2712 injuste,
831 2627 1123 2710 praedicti
1168 2627 1484 2691 Robertus
1530 2633 1597 2690 et
1641 2625 2016 2702 Nicholaus‚
2061 2632 2128 2689 et
2171 2646 2341 2689 exeo.
2392 2625 2510 2700 sui,
2540 2625 2828 2688 fatentur

543 2748 610 2791 se
656 2745 1028 2789 conservare
1072 2723 1280 2788 dictos
1323 2724 1643 2787 Abbatem
1691 2731 1758 2810 et
1803 2724 2002 2788 Conv,
2057 2744 2206 2807 erga
2257 2743 2674 2806 quoscunque
2724 2724 2825 2785 in-

544 2826 853 2907 dempnes
897 2823 1142 2886 ratione
1178 2823 1375 2905 hujus
1405 2822 1817 2887 dimissionis,
1905 2822 2044 2886 Nec
2073 2822 2295 2887 licebit
2324 2823 2516 2886 dictis
2547 2822 2826 2887 Roberto

542 2930 610 2987 et
652 2923 719 2985 N
720 2921 988 2998 icholao,
1016 2941 1135 2984 nec
1180 2941 1349 2985 exeo.
1382 2922 1533 2997 suis,
1564 2922 1772 2986 dictas
1802 2922 2290 2986 commoditates
2321 2922 2512 2986 dictae
2542 2922 2716 2986 vinae
2746 2923 2825 2986 de

543 3019 858 3102 Whiteby
901 3019 1097 3082 alicui
1151 3019 1473 3083 dimittere
1526 3040 1640 3083 seu
1698 3021 2041 3103 assignare,
2086 3021 2157 3084 in
2199 3027 2380 3104 parte
2423 3021 2530 3085 vel
2572 3022 2643 3084 in
2686 3026 2824 3084 toto

541 3121 681 3182 sine
711 3124 929 3181 nostra
958 3116 1221 3180 licentia
1251 3117 1517 3201 speciali
1545 3120 1752 3202 petita
1781 3126 1847 3182 et
1879 3124 2159 3202 optenta.
2252 3120 2339 3183 Et
2368 3141 2504 3196 nos,
2527 3120 2823 3203 praedicti

539 3217 761 3281 Abbas
805 3223 872 3280 et
917 3216 1135 3292 ΟΜΝ,
1177 3237 1325 3281 war.
1372 3218 1589 3282 omnia
1634 3219 1960 3301 praedicta,
1997 3225 2075 3283 ut
2116 3220 2504 3303 praedictum
2533 3225 2644 3284 est.
2739 3220 2823 3283 In
2939 3289 2948 3293 ,

544 3316 728 3399 cujus
758 3336 805 3380 r.
837 3320 979 3379 test.
1013 3314 1128 3397 sig.
1164 3335 1504 3380 commune
1534 3317 1974 3400 apposuimus.

1514 3489 1863 3554 DLXXII.

629 3624 874 3687 Notum
937 3622 1025 3686 sit
1083 3622 1382 3687 omnibus
1432 3623 1574 3686 Deo
1626 3624 2056 3689 servientibus
2108 3627 2281 3709 apud
2327 3627 2641 3711 Whiteby
2692 3648 2819 3711 quo

540 3723 748 3799 mod0,
793 3721 898 3785 vel
957 3741 1086 3804 qua
1144 3721 1224 3785 dc
1276 3742 1485 3798 causa,
1531 3729 1599 3786 et
1647 3743 1685 3786 a
1729 3724 1964 3806 quibus
2009 3726 2320 3807 personiS‚
2366 3725 2708 3810 Hospitale
2760 3728 2820 3789 S.

540 3820 880 3885 Michaelis
938 3819 1350 3904 Archangeli,
1401 3827 1467 3884 et
1520 3821 1581 3885 S.
1636 3821 1815 3885 Petri
1866 3829 1932 3887 et
1989 3824 2048 3888 S.
2103 3824 2324 3889 Hildae
2377 3825 2457 3889 de
2510 3825 2820 3907 Whiteby

540 3921 967 3985 constitutum
1018 3926 1117 3984 est
1166 3920 1237 3982 in
1282 3920 1460 3984 elem.
1493 3926 1888 4003 perpetuam.
1979 3924 2395 4006 Temporibus
2427 3925 2567 3989 Deo
2598 3924 2821 3988 dilecti

539 4018 901 4097 willelmi?
943 4020 1219 4083 Abbatis
1264 4019 1344 4082 de
1386 4018 1719 4101 Whiteby,
1749 4026 1886 4083 erat
1914 4022 2015 4083 vir
2044 4021 2326 4104 quidam,
2355 4022 2615 4086 nomine
2647 4022 2823 4100 Orm,

539 4120 643 4184 vir
688 4121 895 4184 bonus
948 4127 1015 4184 et
1058 4120 1275 4203 justus
1327 4125 1429 4181 set
1477 4117 1785 4200 leprosus.
1876 4119 2026 4202 Ipse
2075 4141 2225 4184 vero
2273 4122 2466 4204 petiit
2505 4121 2585 4185 de
2627 4121 2819 4204 praed.

540 4219 800 4283 Abbate
845 4218 1175 4283 Willelmo
1222 4217 1303 4281 de
1346 4217 1658 4301 Whiteby
1704 4223 1770 4282 et
1815 4219 2010 4283 Conv.
2059 4221 2257 4303 ejusd.
2297 4220 2441 4297 loci,
2470 4226 2546 4284 ut
2592 4220 2822 4283 darent

538 4317 638 4381 illi
692 4318 904 4383 locum
965 4316 1270 4382 manendi
1328 4317 1398 4380 in
1455 4317 1596 4381 loco
1653 4318 1769 4401 qui
1828 4339 2003 4384 nunc
2064 4327 2331 4385 vocatur
2388 4321 2497 4384 Ad
2556 4327 2822 4404 pontem

964 4438 982 4471 ¹
1018 4444 1156 4509 qnod
1178 4443 1462 4509 repeated3
1498 4442 1815 4495 redundant.

961 4525 983 4558 ²
1018 4526 1254 4577 william
1280 4525 1346 4576 de
1373 4526 1559 4593 Percy‚
1590 4526 1708 4578 first
1732 4526 1933 4579 Abbot.
2008 4528 2107 4579 See
2132 4527 2229 4579 No,
2261 4530 2381 4579 382.
