3254 5140
614 562 736 620 374
974 574 1515 625 CARTULARIUM
1563 575 1968 626 ABBATHIAE
2008 576 2104 626 DE
2138 576 2516 627 WHITEBY.

614 737 755 802 dale
809 740 947 804 sine
997 738 1217 824 aliquo
1270 738 1710 805 retinemento,
1820 741 2024 804 Istam
2080 761 2229 805 vero
2283 740 2693 806 donationem
2753 760 2889 816 nos,

614 837 773 900 dicti
819 839 1135 903 Robertus
1189 845 1251 902 et
1304 839 1644 915 ErnalduS,
1690 839 1877 903 dictae
1926 840 2097 904 Eccl.
2151 840 2229 904 de
2275 840 2542 924 Witeby
2595 848 2661 904 et
2717 860 2888 903 mon.

613 936 699 999 ib.
751 937 907 1001 Deo.
956 959 1115 1003 serv,
1169 958 1218 1002 c.
1270 959 1321 1003 0.
1371 938 1432 1003 11.
1484 943 1549 1002 et
1596 938 1639 1003 f.
1692 939 1764 1002 in
1826 960 1996 1022 perp.
2053 939 2625 1004 warentizabimus.
2737 938 2890 1000 Hiis

615 1037 932 1200 Teffibus.
1044 1039 1359 1123 Magistro
1411 1037 1689 1122 Hugone
1743 1037 1821 1102 de
1869 1039 1922 1101 F
1924 1046 2165 1104 ostona.
2275 1038 2603 1122 Stephano
2662 1035 2890 1100 Rosel:

612 1142 677 1197 et
778 1137 867 1201 'is

1153 1362 1519 1426 CCCOXV.
1567 1363 1755 1424 AToN
1787 1378 1856 1425 m
1892 1363 2363 1427 CmvELAnmA.

700 1509 843 1591 (23)
877 1509 1062 1573 Omn.
1098 1510 1156 1574 S.
1189 1510 1279 1573 M.
1312 1510 1481 1574 Eccl.
1529 1510 1682 1574 filiis
1727 1510 2094 1594 Stephanus
2140 1512 2219 1575 de
2267 1512 2566 1595 Maynill‚
2596 1511 2886 1577 salutem.

612 1607 858 1670 Notum
877 1608 965 1671 sit
982 1608 1162 1671 vobis
1180 1614 1426 1691 patrem
1447 1629 1663 1672 meum
1683 1609 2035 1672 Robertum
2054 1610 2133 1674 de
2153 1609 2457 1686 1110111111,1
2469 1616 2533 1674 et
2553 1611 2889 1692 conjugem

609 1707 749 1790 ejus
782 1706 1222 1790 G[ertrudem]
1253 1716 1523 1771 matrem
1566 1728 1794 1785 meam,
1825 1707 2075 1773 dedisse
2106 1709 2409 1773 Ecclesiae
2440 1709 2890 1785 Whitebiensi,

611 1809 676 1868 et
705 1804 950 1867 Abbati
979 1805 1345 1869 Willelmo²
1374 1807 1808 1889 fratribusque
1838 1807 1920 1870 ib.
1953 1808 2109 1871 Deo,
2143 1828 2322 1883 serv„
2351 1808 2422 1870 in
2464 1807 2572 1872 lib.
2606 1814 2672 1872 et
2714 1828 2887 1890 perp.

611 1903 790 1967 elem.
824 1904 1157 1969 ecclesiam
1188 1905 1267 1968 de
1297 1906 1511 1969 Atona
1544 1927 1660 1989 pro
1706 1906 1915 1970 salute
1946 1927 2063 1970 sua
2093 1914 2159 1971 et
2189 1913 2662 1971 antecessorum
2692 1913 2887 1990 atque

611 2023 1046 2068 successorum
1076 2025 1357 2082 suorum,
1403 2006 1508 2069 0111
1540 2005 1873 2069 donationi
1919 2027 2052 2089 ego,
2084 2006 2452 2091 Stephanus
2483 2006 2563 2069 de
2607 2005 2888 2081 Mainill,

613 2103 1060 2167 testimonium
1104 2104 1425 2189 perhibe0‚
1477 2126 1746 2189 eamque
1790 2111 2101 2188 tanquam
2149 2105 2406 2189 [haeres]
2452 2111 2517 2168 et
2563 2124 2890 2169 successor

611 2222 831 2265 eorum
876 2204 1159 2286 praefatae
1205 2204 1370 2268 Eccl.
1405 2204 1839 2269 Whitebiensi
1880 2226 1994 2288 pro
2041 2204 2152 2268 sal.
2185 2225 2344 2280 mea,
2375 2204 2664 2287 conjugis
2710 2224 2887 2278 meae,

612 2322 685 2364 ac
716 2302 996 2365 filiorum
1042 2324 1348 2379 meorum,
1396 2304 1465 2365 in
1510 2324 1685 2386 perp.
1733 2302 1914 2367 elem.
1962 2303 2258 2380 conced0,
2309 2303 2885 2385 testimoniumque

612 2420 826 2464 meum
874 2408 936 2464 et
970 2401 1382 2465 donationem
1416 2422 1622 2465 meam
1655 2401 1775 2465 hac
1807 2407 1982 2465 carta
2012 2402 2332 2467 confirmo.
2426 2402 2576 2465 Hiis
2607 2402 2883 2465 testibus

612 2499 792 2582 [none
824 2500 1092 2583 named}

1536 2723 1944 2788 CCCCXVI.

696 2884 838 2966 (25)
871 2883 1191 2947 Omnibus
1222 2883 1341 2947 hoc
1374 2904 1487 2948 scr.
1520 2885 1634 2948 vis,
1667 2885 1774 2948 vel
1805 2884 1968 2960 aud„
1990 2884 2364 2948 Willelmus
2396 2885 2474 2949 de
2507 2883 2882 2949 Stuteville³

608 2982 687 3046 de
718 2983 932 3046 Atona
963 2982 1032 3044 in
1057 2981 1477 3059 Clivelandia,
1497 3004 1542 3046 s.
1571 2983 1640 3045 in
1670 2984 1968 3047 Domino
2059 2983 2388 3047 Noveritis
2412 3005 2515 3047 me
2539 3004 2653 3067 pro
2685 2983 2796 3046 sal.
2829 3004 2883 3047 a.

609 3103 765 3146 meae
797 3089 862 3146 et
893 3082 1251 3144 animarum
1281 3083 1485 3164 patris
1517 3089 1581 3144 et
1605 3082 1828 3145 matris
1857 3102 2017 3146 meae
2038 3103 2230 3158 conc„
2260 3084 2444 3160 conf„
2466 3090 2531 3147 et
2566 3082 2886 3147 remisisse

609 3190 673 3244 et
704 3202 808 3264 qu.
840 3181 915 3244 cl.
950 3181 1029 3243 de
1059 3200 1162 3243 me
1194 3187 1258 3244 et
1303 3179 1448 3243 haer.
1483 3180 1644 3244 meis
1676 3181 1815 3243 Deo
1847 3188 1913 3245 et
1957 3181 2126 3245 Eccl.
2161 3181 2219 3244 S.
2256 3181 2430 3244 Petri
2462 3188 2525 3245 et
2573 3180 2631 3244 S.
2666 3180 2884 3244 Hildae

610 3282 688 3344 de
721 3281 1070 3364 Whyteby,
1102 3287 1166 3343 et
1211 3300 1377 3343 mon.
1415 3280 1495 3343 ib.
1543 3280 1684 3343 Deo
1731 3301 1892 3344 serv.
1922 3288 1986 3343 et
2031 3280 2384 3356 servituris,
2430 3288 2642 3344 totum
2679 3282 2789 3364 jus
2821 3287 2887 3344 et

609 3379 914 3442 claniium
945 3379 1115 3462 quod
1148 3378 1345 3441 habui
1377 3377 1480 3440 vel
1522 3378 1739 3461 aliquo
1772 3387 2055 3461 tempore
2100 3378 2332 3441 habere
2363 3379 2547 3460 potui
2593 3379 2662 3440 in
2693 3379 2886 3442 advo-

608 3478 858 3541 catione
889 3477 1037 3541 eccl.
1068 3477 1148 3541 de
1178 3478 1408 3553 Atona,
1440 3498 1585 3540 cum
1618 3498 1787 3542 omn.
1822 3477 1955 3540 t’ris
1987 3483 2052 3539 et
2081 3476 2465 3540 tenementis
2504 3475 2585 3538 ad
2617 3477 2886 3543 eandem

607 3628 851 3678 between
886 3626 1114 3691 Whitby
1151 3626 1257 3676 and
1294 3626 1718 3692 Guesborough),
1751 3626 1804 3675 in
1830 3624 1990 3675 ‹leeds
2027 3625 2082 3674 of
2119 3624 2284 3674 about
2320 3625 2411 3675 the
2438 3641 2579 3675 same
2603 3624 2727 3676 date
2754 3626 2886 3677 with

606 3713 700 3763 the
718 3715 932 3776 present
949 3710 1174 3773 charter,
1192 3710 1236 3760 is
1253 3709 1499 3760 Lokwith
1518 3730 1530 3760 :
1570 3710 1675 3760 aud
1696 3727 1837 3760 some
1857 3708 2010 3759 other
2029 3709 2292 3760 instances
2315 3708 2368 3758 in
2388 3709 2481 3760 the
2501 3725 2644 3760 same
2663 3709 2886 3774 vicinity

608 3812 698 3846 are
723 3799 833 3845 met
857 3794 1004 3844 with.

679 3877 699 3911 ¹
738 3880 833 3930 See
862 3878 958 3928 Nc.
994 3880 1016 3927 l
1049 3881 1117 3943 (p.
1149 3880 1220 3940 6),
1250 3877 1425 3927 where
1449 3877 1582 3926 both
1612 3877 1810 3927 Robert
1837 3877 1901 3927 de
1927 3876 2118 3926 Mainil
2143 3876 2249 3926 and
2286 3875 2368 3926 his
2395 3893 2489 3926 son
2529 3876 2758 3942 Stephen
2797 3891 2886 3925 are

611 3962 813 4013 named.

681 4044 702 4078 ²
740 4045 973 4095 william
1001 4043 1066 4094 de
1094 4044 1277 4106 Pei-cy.
1303 4043 1420 4094 first
1447 4043 1646 4095 Abbot.

682 4126 703 4159 ³
740 4129 816 4177 As
842 4128 933 4178 the
958 4128 1081 4177 date
1106 4127 1161 4176 of
1197 4127 1305 4177 this
1341 4127 1554 4178 charter-
1589 4127 1636 4177 is
1659 4126 1909 4187 inserted,
1938 4126 1982 4175 it
2007 4125 2052 4175 is
2088 4130 2346 4191 apparent
2382 4125 2504 4176 that
2540 4125 2635 4176 the
2671 4129 2890 4191 grantor

610 4209 816 4260 thereos
838 4209 884 4258 is
908 4225 940 4258 a
963 4209 1098 4259 later
1122 4209 1359 4258 william
1383 4210 1449 4259 (10
1474 4209 1758 4259 Stuteville
1783 4208 1913 4259 than
1942 4207 2112 4256 either
2136 4208 2192 4257 of
2218 4207 2370 4257 those
2395 4208 2701 4258 mentioned
2721 4208 2772 4257 in
2795 4209 2889 4259 the

613 4298 737 4343 note
762 4308 828 4341 011
868 4308 952 4356 pp.
982 4293 1065 4352 84,
1094 4292 1161 4341 85
1188 4291 1243 4340 of
1278 4291 1379 4341 vol.
1407 4292 1441 4342 i.
1517 4292 1631 4341 The
1667 4291 2059 4355 inconsistency
2083 4290 2322 4340 between
2347 4290 2440 4341 the
2464 4291 2589 4341 date
2618 4291 2776 4357 given
2813 4291 2887 4356 by

611 4375 812 4426 Graves
839 4375 1075 4438 (History
1098 4373 1161 4434 of
1179 4373 1464 4435 C'leveland,
1484 4389 1533 4438 p.
1568 4375 1668 4423 195
1696 4392 1710 4433 ;
1747 4389 1832 4423 see
1853 4377 1974 4423 note
1995 4377 2051 4422 to
2067 4373 2167 4423 No.
2192 4374 2282 4435 73)
2299 4374 2380 4423 for
2398 4373 2491 4424 the
2512 4375 2806 4424 extinction
2831 4374 2888 4424 of

609 4458 702 4508 the
729 4457 863 4507 male
888 4456 992 4506 line
1017 4455 1072 4505 of
1096 4455 1188 4505 the
1214 4455 1523 4506 Stutevilles
1547 4456 1602 4506 of
1640 4456 1783 4508 Aton
1810 4455 1916 4508 and
1951 4455 2045 4508 the
2070 4455 2194 4506 date
2222 4457 2276 4507 of
2312 4457 2402 4507 the
2430 4463 2641 4524 present
2678 4456 2889 4510 chartei·

608 4539 800 4594 should
824 4539 932 4591 also
958 4537 1023 4592 be
1049 4537 1274 4593 noticed.
