3254 5140
723 636 731 643 ·
782 619 1323 671 CARTULARIUM
1362 620 1768 673 ABB‘ATHIAE
1807 623 1907 674 DE
1942 626 2313 677 WHITEBY.
2558 617 2678 675 475

406 778 617 843 adhuc
663 781 1059 860 contradicit,
1104 784 1275 848 unde
1319 784 1478 848 dicit
1519 786 1693 867 quod
1738 786 2156 853 deterioratus
2203 796 2317 865 est,
2349 799 2415 854 et
2459 790 2680 873 damp-

406 896 564 939 num
600 878 797 942 habet
828 880 911 943 ad
940 880 1293 946 valentiam
1337 882 1558 947 decem
1603 884 1949 966 librarum3
1994 895 2060 951 et
2101 888 2255 952 inde
2285 888 2459 972 quod
2503 888 2682 953 duc’¹

403 983 660 1055 sectam,
691 984 808 1044 etc.

489 1075 576 1139 Et
602 1077 946 1160 praedictus
969 1080 1015 1143 J
1019 1080 1321 1157 ohannes,
1343 1102 1458 1164 per
1486 1084 1533 1148 J
1535 1081 1855 1148 ohannem
1886 1085 2175 1168 Wyther,
2205 1093 2433 1151 attorn.
2468 1108 2679 1163 suum,

401 1175 582 1238 venit
610 1182 676 1239 et
720 1176 1013 1242 defendit
1056 1179 1192 1242 vim
1233 1186 1299 1243 et
1342 1180 1644 1264 injuriam
1690 1183 1948 1266 quando
1989 1190 2106 1249 etc.
2198 1185 2286 1249 Et
2315 1185 2473 1249 dicit
2504 1184 2677 1267 quod

400 1273 591 1356 praed.
622 1275 841 1340 Abbas
871 1285 938 1341 et
965 1277 1332 1361 praedecess.
1381 1280 1500 1356 sui,
1543 1280 1834 1345 Abbates
1862 1282 2054 1365 praed.
2088 1284 2256 1348 Eccl.
2282 1283 2361 1347 de
2385 1283 2674 1365 Whitby,

401 1391 532 1435 non
561 1374 824 1439 fuerunt
863 1375 1070 1440 saisiti
1100 1376 1180 1440 de
1223 1398 1438 1442 annuo
1482 1378 1654 1443 redd.
1688 1380 1877 1463 praed.
1910 1401 1949 1444 a
1978 1388 2263 1466 tempore
2308 1384 2492 1466 cujus
2522 1402 2673 1445 con-

399 1472 580 1535 trarii
630 1474 934 1538 memoria
985 1495 1117 1539 non
1168 1477 1422 1554 existat,
1464 1484 1659 1561 prout
1699 1479 1892 1562 praed.
1945 1480 2166 1546 Abbas
2219 1483 2509 1565 superius
2563 1502 2677 1564 per

400 1571 590 1636 breve
626 1579 692 1637 et
730 1575 1157 1639 narrationem
1196 1596 1313 1640 sua
1342 1578 1683 1659 supponit:
1728 1579 1814 1643 Et
1852 1579 1932 1644 de
1976 1580 2096 1644 hoc
2143 1581 2327 1664 ponit
2370 1601 2438 1645 se
2482 1601 2674 1664 super

400 1672 688 1753 patriam.
777 1675 864 1738 Et
913 1675 1104 1758 praed.
1160 1675 1383 1739 Abbas
1437 1676 1748 1753 similiter,
1802 1684 1917 1742 etc.
2008 1680 2164 1744 Ideo
2217 1686 2514 1764 precatus
2575 1686 2675 1744 est

400 1768 541 1834 Vic'
564 1773 737 1855 quod
768 1774 983 1838 venire
1014 1774 1208 1837 faciat
1236 1773 1341 1837 hic
1372 1794 1409 1838 a
1440 1774 1543 1838 die
1589 1775 1841 1840 Sanctae
1880 1778 2235 1855 Trinitatis,
2283 1780 2353 1843 in
2399 1799 2485 1841 xv
2516 1778 2672 1855 dica,

398 1888 514 1951 per
534 1869 726 1953 jurat.
760 1872 872 1948 xii,
900 1878 1038 1950 etc„
1060 1872 1140 1937 de
1169 1871 1457 1936 visneto²
1486 1872 1565 1937 de
1598 1873 2012 1958 Skirtynbek,
2041 1897 2156 1960 per
2185 1897 2364 1961 quos,
2395 1883 2511 1942 etc.
2587 1879 2673 1941 Et

399 1967 515 2051 qui
558 1990 694 2046 nec,
740 1977 856 2035 etc.
948 1971 1054 2034 Ad
1096 1991 1345 2056 recogn.
1391 1978 1508 2036 etc.
1601 1972 1769 2050 Quia
1809 1980 1962 2051 tam,
2014 1981 2130 2040 etc.
2243 1976 2475 2039 Postea
2522 1995 2670 2038 con-

397 2068 653 2133 tinuato
692 2068 842 2134 inde
885 2090 1185 2154 processu
1231 2069 1400 2134 inter
1443 2076 1658 2154 partes
1701 2073 2037 2155 praedictas
2082 2095 2196 2158 per
2226 2075 2474 2158 juratas
2519 2075 2670 2138 inde

397 2166 569 2232 inter
596 2189 702 2233 eos
731 2170 917 2252 posit.
947 2170 1018 2233 in
1046 2177 1409 2253 respectum
1441 2171 1546 2234 hic
1575 2191 1781 2255 usque
1812 2193 1850 2236 a
1879 2173 1983 2237 die
2015 2173 2076 2238 S.
2108 2173 2449 2238 Michaelis
2481 2174 2550 2237 in
2581 2194 2669 2236 xv

398 2266 568 2330 diem
615 2289 792 2351 prox.
848 2277 1240 2352 sequentem,
1293 2270 1421 2334 nisi
1472 2271 1518 2334 J
1522 2271 1707 2335 ustic.
1762 2271 1917 2335 D’ni
1957 2272 2149 2356 Regis
2193 2274 2273 2337 ad
2320 2273 2550 2337 assisas
2594 2273 2670 2336 iii

398 2386 621 2431 comm.
642 2367 843 2450 praed.
880 2389 995 2452 per
1037 2369 1308 2433 formam
1352 2370 1582 2433 statuti
1613 2375 1729 2434 etc.
1761 2371 2070 2454 capiend.,
2099 2372 2327 2455 assign.
2361 2372 2465 2436 die
2496 2372 2668 2435 lunae

396 2485 573 2547 prox.
607 2465 823 2550 (137b)
852 2468 1031 2551 post⁸
1075 2517 1088 2531 .
1136 2517 1150 2532 .
1197 2518 1209 2531 .
1259 2468 1319 2531 S.
1370 2468 1602 2552 [Petri]
1650 2469 1731 2532 ad
1763 2470 2042 2534 Vincula
2071 2471 2302 2535 ultimo
2345 2472 2669 2555 praeterito

398 2565 572 2649 apud
613 2566 799 2632 Ebor.
844 2566 1024 2651 prius
1069 2567 1416 2645 venissent,
1456 2574 1570 2632 etc.
1662 2568 1749 2632 Et
1793 2569 1981 2634 modo
2023 2569 2129 2635 hic
2170 2570 2249 2635 ad
2291 2570 2466 2635 hunc
2496 2570 2666 2635 diem

397 2665 577 2729 venit
626 2671 762 2729 tam
813 2666 1004 2749 praed.
1059 2666 1281 2730 Abbas
1333 2687 1526 2750 quam
1580 2667 1770 2749 praed.
1821 2669 1867 2732 J
1869 2668 2152 2734 ohannes
2206 2669 2271 2732 N
2273 2670 2502 2746 ewark‚
2554 2690 2669 2754 per

396 2770 626 2828 attorn.
656 2784 805 2829 suos
835 2765 1186 2849 praedictos.
1280 2765 1368 2830 Et
1406 2767 1595 2849 praed.
1626 2766 1672 2829 J
1676 2768 1858 2832 ustio.
1906 2769 1986 2832 ad
2033 2769 2262 2833 assisas
2308 2775 2425 2833 etc.
2456 2790 2668 2833 coram

397 2864 632 2948 quibus
663 2870 778 2929 etc.
810 2866 1126 2929 miserunt
1153 2864 1259 2928 hic
1288 2866 1621 2929 recordum
1665 2885 1858 2930 suum
1887 2867 1956 2930 in
2000 2866 2137 2932 haec
2167 2868 2393 2932 verba:
2439 2869 2669 2933 Postea

397 2964 502 3029 die
533 2970 599 3028 et
635 2964 775 3028 loco
820 2964 991 3028 infra
1021 2971 1298 3028 content.
1346 2984 1560 3028 coram
1607 2965 1886 3030 Roberto
1931 2966 2201 3030 Tirwhit
2246 2974 2312 3031 et
2341 2967 2669 3032 Willelmo

398 3063 795 3147 Lodyngton‚
823 3063 870 3127 J
870 3063 1055 3128 ustic.
1101 3063 1254 3126 D'ni
1298 3063 1489 3147 Regis
1518 3065 1600 3127 ad
1630 3066 1862 3129 assisas
1893 3066 1963 3129 in
1994 3086 2151 3130 com.
2187 3067 2357 3130 Ebor
2379 3066 2666 3150 capiend.

395 3164 645 3247 assign.,
674 3183 813 3226 ven.
860 3169 994 3226 tam
1040 3162 1259 3226 Abbas
1304 3162 1383 3226 de
1414 3162 1726 3247 Whiteby
1757 3185 1952 3247 quam
1991 3165 2037 3228 J
2039 3164 2322 3228 ohannes
2365 3165 2670 3242 Newark‚

397 3263 675 3327 Persona
710 3261 860 3325 eccl.
897 3262 975 3325 de
1018 3261 1453 3344 Skyrtynbek,
1492 3261 1665 3324 infra
1709 3262 2041 3338 nominati,
2085 3282 2198 3345 per
2242 3268 2469 3327 attorn.
2515 3283 2666 3327 suos

395 3362 562 3426 infra
605 3382 812 3441 nom.;
873 3367 939 3425 et
974 3361 1322 3444 jun—scil.
1368 3361 1740 3426 Willelmus
1782 3362 2035 3445 Dautry
2080 3361 2159 3425 de
2200 3361 2369 3424 Ford
2413 3362 2667 3439 Sutton‚

395 3461 767 3525 Willelmus
826 3460 906 3524 de
958 3462 1267 3536 Fentona‚
1318 3461 1365 3525 J
1367 3460 1654 3525 ohannes
1714 3460 1995 3537 Bulmer,
2054 3461 2365 3525 Ricardus
2424 3461 2667 3537 Letom,

395 3560 763 3625 Willelmus
792 3559 1237 3643 Wyrethorpe‚
1282 3561 1328 3625 J
1330 3559 1616 3623 ohannes
1662 3560 1708 3623 J
1711 3559 1968 3642 akelyn‚
2007 3556 2344 3623 Am'andus
2394 3558 2664 3642 Courcy,

394 3658 834 3744 Ed[mund]us
882 3658 1181 3741 Thweng‚
1226 3656 1599 3721 Willelmus
1659 3657 1938 3740 Lillyng‚
1997 3658 2319 3722 Henricus
2378 3657 2666 3733 Acclom,

394 3759 669 3824 Thomas
700 3758 779 3823 de
810 3757 1182 3841 Grymston,
1205 3766 1271 3822 et
1299 3759 1345 3822 J
1350 3756 1634 3821 ohannes
1664 3762 1797 3820 atte
1830 3757 2023 3820 Marr'
2044 3756 2122 3820 de
2152 3757 2430 3839 nugam,
2453 3757 2663 3821 exacti

394 3858 693 3922 similiter
720 3877 882 3933 ven„
911 3858 1026 3939 qui
1070 3857 1150 3920 ad
1182 3856 1521 3920 veritatem
1554 3876 1746 3940 super
1779 3855 1946 3919 infra
1977 3856 2294 3920 contentis
2326 3854 2662 3920 dicendam

394 4007 407 4021 .
457 4009 468 4020 .
517 4009 529 4022 .
576 3956 619 4020 ‚⁴
648 3962 713 4020 et
748 3956 951 4039 jurati
980 3955 1205 4020 dicunt
1234 3975 1427 4039 super
1469 3974 1732 4020 sacram.
1779 3975 1971 4019 suum
2000 3953 2172 4038 quod
2218 3955 2406 4037 praed.
2438 3954 2660 4019 Abbas

395 4058 522 4121 fuit
565 4054 821 4120 seisitus
866 4054 946 4119 de
990 4075 1204 4118 annuo
1249 4054 1506 4118 redditu
1550 4053 1891 4119 tresdecim
1935 4053 2047 4118 sol.
2095 4058 2161 4116 et
2204 4058 2479 4136 quatuor
2517 4053 2660 4119 den.

394 4155 566 4220 unde
608 4154 779 4219 infra
807 4154 881 4216 fit
909 4154 1151 4217 mentio
1182 4153 1387 4236 (138),
1417 4159 1493 4216 ut
1534 4152 1612 4216 de
1649 4153 1795 4236 jure
1841 4152 2009 4216 Eccl.
2042 4171 2173 4215 suae
2204 4151 2264 4215 S.
2301 4150 2538 4234 Hyldae
2583 4153 2662 4217 de

392 4255 669 4338 Whitby
719 4253 956 4329 Abbas,
1008 4258 1074 4316 et
1130 4273 1351 4316 omnes
1409 4251 1902 4335 praedecessores
1961 4250 2078 4324 sui,
2124 4249 2411 4313 Abbates
2469 4252 2659 4334 praed.

465 4391 483 4425 ¹
520 4392 632 4443 The
654 4392 873 4459 reading
896 4392 941 4442 is
966 4407 1097 4456 very
1120 4391 1415 4442 uncertain.
1745 4387 1767 4422 ²
1801 4390 1913 4440 The
1935 4388 2083 4440 word
2105 4389 2151 4440 is
2174 4388 2358 4455 barely
2380 4389 2587 4457 legible.

462 4474 486 4509 ³
521 4476 644 4527 Loft
665 4475 844 4538 blank,
869 4492 929 4526 as
952 4474 1064 4525 also
1087 4474 1181 4525 the
1204 4491 1356 4525 name
1381 4474 1435 4525 of
1458 4474 1553 4525 the
1580 4474 1723 4525 saint
1746 4472 2106 4537 immediately
2128 4472 2413 4540 following.

463 4554 485 4589 ⁴
521 4557 781 4624 Illegible.
