3254 5140
762 592 1309 645 GARTULARIUM
1346 594 1756 646 ABBATHIAE
1792 594 1891 646 DE
1923 594 2294 647 meEBY.
2532 583 2650 642 661

377 755 422 816 J
425 753 523 818 oh.
570 756 896 839 quandam
946 757 1243 822 cedulam
1285 757 1610 842 scriptam,
1656 779 1798 823 eam
1848 759 2071 823 statim
2118 758 2374 843 publice
2418 764 2486 823 et
2528 759 2659 822 dis-

378 853 582 918 tincte
611 855 788 940 legit,
822 857 1273 939 praemittendo
1316 862 1393 920 ut
1424 857 1493 921 in
1523 878 1598 923 ea
1625 856 1883 941 plenius
1914 858 2382 935 continebatur,
2412 864 2478 923 et
2506 857 2658 922 sub-

379 952 636 1036 scripsit
694 955 764 1018 in
816 955 1038 1020 eadem
1090 956 1294 1020 forma
1347 956 1589 1033 Crucis,
1643 957 1829 1040 cujus
1876 956 2139 1040 quidem
2187 956 2433 1021 cedulae
2475 963 2661 1020 tenor

377 1051 528 1116 talis
547 1058 645 1116 est
655 1054 911 1138 z—-Ego,
928 1055 1150 1119 Frater
1164 1057 1206 1118 J
1210 1053 1515 1131 ohannes,
1533 1054 1755 1118 Abbas
1773 1053 2005 1118 Mon'ii
2022 1053 2102 1117 de
2120 1053 2452 1137 Whiteby,
2470 1054 2656 1118 Ebor.

383 1150 575 1228 Dioc.,
632 1153 1115 1236 subjectionem,
1171 1153 1595 1218 reverentiam
1667 1158 1732 1218 et
1797 1153 2228 1218 obedientiam
2302 1174 2342 1218 a
2404 1153 2657 1218 Sanctis

377 1250 669 1332 patribus
728 1253 1149 1316 constitutam
1208 1252 1564 1316 secundum
1626 1251 1941 1336 Regulam
1999 1252 2059 1316 S.
2115 1252 2451 1317 Benedicti
2508 1252 2658 1316 d'no

377 1349 767 1428 Alexandro,
825 1352 1011 1416 Ebor.
1071 1351 1433 1436 Archiep’o‚
1492 1352 1755 1435 suisque
1815 1351 2284 1416 successoribus
2353 1351 2660 1415 canonice

378 1448 866 1527 substituendiS,
897 1456 964 1514 et
1008 1457 1249 1514 sanctae
1294 1449 1447 1514 Sedi
1490 1450 1698 1528 Ebor.,
1741 1449 1921 1514 salvo
1965 1450 2190 1514 ordine
2233 1455 2469 1528 nostro,
2516 1469 2658 1533 per-

375 1552 570 1629 petuo
615 1568 718 1611 me
763 1548 1204 1612 exhibiturum
1248 1549 1553 1631 promitto
1595 1555 1662 1612 et
1691 1548 1948 1632 propria
1976 1568 2175 1612 manu
2205 1548 2535 1612 subscribo
2555 1571 2659 1610 :—

379 1644 522 1721 Qua
565 1645 751 1723 lecta,
781 1647 956 1712 d’cus
996 1646 1159 1711 Ven.
1207 1652 1404 1729 pater,
1449 1647 1646 1731 Ep’us
1675 1647 2030 1730 Aybonen„
2061 1647 2329 1712 tradidit
2357 1647 2660 1732 primitus

374 1765 491 1828 per
518 1766 668 1809 eum
698 1746 906 1810 eidem
935 1745 1118 1810 fratri
1147 1745 1434 1809 Johanni
1463 1747 1709 1810 Abbati
1740 1747 2061 1830 pastorale
2091 1747 2161 1810 in
2193 1767 2391 1810 manu
2413 1746 2662 1822 dextra,

375 1843 499 1906 sibi
551 1864 772 1908 curam
821 1850 887 1908 et
937 1845 1221 1928 regimen
1268 1852 1403 1909 tam
1454 1846 1818 1909 animarum
1871 1845 2062 1909 dictae
2110 1845 2458 1909 Abbathiae
2508 1844 2659 1909 sub-

367 1941 686 2023 jectarum
716 1964 911 2027 quam
942 1943 1259 2007 bonorum
1289 1943 1597 2026 ejusdem,
1626 1947 1821 2027 prout
1850 1944 2046 2007 moris
2078 1950 2194 2020 est,
2223 1943 2565 2020 commisit,
2594 1949 2660 2007 et

376 2061 614 2105 munus
657 2042 1126 2107 benedictionis
1177 2043 1500 2126 impendit
1544 2042 1774 2120 eidem,
1825 2050 1893 2107 et
1937 2049 2166 2107 caetera
2208 2063 2356 2106 cum
2405 2041 2655 2106 decenti

375 2139 827 2224 solempnitate
863 2142 1019 2206 fecit
1045 2148 1113 2206 et
1142 2142 1430 2206 exercuit
1456 2142 1529 2204 in
1557 2160 1705 2204 eum
1736 2160 1881 2223 quae
1910 2141 2037 2205 sibi
2067 2146 2133 2205 et
2163 2160 2280 2204 suo
2309 2139 2659 2223 episcopali

375 2238 583 2304 officio
640 2241 1103 2305 incumbebant
1160 2240 1232 2304 in
1289 2240 1412 2304 hac
1469 2246 1671 2324 parte,
1722 2239 2074 2323 procedens
2126 2239 2281 2303 inde
2339 2239 2512 2303 ultra
2575 2238 2659 2303 ad

376 2338 714 2423 Evangelii
756 2339 1097 2404 lectionem
1140 2358 1255 2423 per
1298 2339 1642 2403 diaconum
1686 2359 1896 2416 suum,
1936 2344 2003 2403 et
2041 2338 2658 2403 consummationem

375 2436 588 2502 missae
615 2459 730 2522 per
759 2459 909 2503 eum
938 2438 1212 2521 inceptae
1241 2444 1434 2520 prout
1462 2437 1906 2521 supradictum
1937 2443 2052 2502 est.
2141 2439 2310 2501 Data
2338 2441 2493 2501 sunt
2521 2435 2660 2500 haec

375 2537 592 2602 omnia
642 2537 763 2602 sub
813 2557 1003 2614 ann0,
1060 2536 1433 2614 indictione,
1484 2535 1894 2614 PontificatU,
1946 2556 2184 2613 mense,
2235 2535 2341 2601 die
2400 2541 2468 2601 et
2517 2534 2658 2600 loco

371 2637 841 2720 suprascriptis,
881 2643 948 2700 et
992 2636 1490 2700 consecrationis
1534 2636 1696 2700 dicti
1737 2635 1900 2701 Ven.
1945 2636 2078 2701 d’ni
2120 2635 2442 2719 Archiep’i
2486 2655 2656 2699 anno

370 2735 577 2818 primo
621 2735 990 2818 incipiente,
1040 2735 1465 2819 praesentibus
1516 2735 1812 2800 discretis
1862 2735 2022 2800 viris
2074 2735 2245 2801 D’no
2288 2736 2533 2800 Thoma
2575 2736 2657 2800 de

373 2834 623 2918 Badby,
664 2833 968 2898 Ecclesiae
1004 2833 1207 2898 Lichf.
1252 2840 1661 2917 praecentore,
1704 2834 1900 2899 fratre
1944 2834 2189 2900 Thema
2231 2834 2312 2899 de
2356 2834 2656 2899 Haukes-

368 2932 577 3017 garth,
606 2933 920 2997 monacho
951 2933 1329 2997 Monasterii
1359 2932 1439 2997 de
1460 2931 1778 3016 Whiteby
1800 2934 2111 3017 praedicti,
2142 2934 2338 2999 fratre
2366 2934 2654 2998 Waltero

370 3033 739 3118 Wycombe,
770 3032 1080 3097 monacho
1111 3032 1340 3095 Mon'ii
1364 3031 1443 3096 de
1486 3031 1863 3108 Stratforde,
1893 3032 2157 3096 Ordinis
2191 3031 2656 3110 cisterciensis,

370 3132 654 3196 London„
678 3131 878 3208 Dioc.,
900 3133 945 3194 J
946 3131 1198 3195 ohanne
1222 3130 1515 3194 Barbone
1532 3130 1614 3194 de
1637 3129 2003 3213 Ickington,
2027 3130 2271 3214 Rogero
2293 3130 2374 3194 de
2399 3131 2655 3214 Brescy,

365 3235 433 3294 et
460 3229 762 3295 Johanne
792 3229 871 3294 de
893 3230 1231 3307 Wroxton,
1256 3227 1523 3294 Clericis
1554 3226 1759 3291 Lichf.
1786 3234 1853 3292 et
1875 3227 2157 3291 London.
2182 3227 2386 3305 Dioc.,
2409 3248 2484 3292 ac
2507 3228 2654 3293 aliis

368 3330 439 3394 in
470 3329 891 3394 multitudine
921 3330 1179 3413 copiosa
1210 3327 1504 3404 testibus,
1535 3327 1619 3391 ad
1648 3326 1980 3410 praemissa
2006 3327 2254 3391 vocatis
2285 3327 2653 3410 specialiter

370 3436 438 3494 et
486 3429 741 3513 rogatis.
829 3429 917 3492 Et
964 3449 1097 3513 ego,
1144 3427 1478 3492 «Iohannes
1527 3425 1608 3490 de
1670 3424 1844 3489 Aula
1892 3426 1971 3490 de
2026 3424 2442 3508 Shipedham,
2487 3425 2654 3490 Cler.

368 3528 436 3591 N
437 3528 643 3592 orwic.
673 3527 877 3605 Dioc.,
922 3526 1290 3610 supradicto
1321 3525 1482 3590 Ven.
1520 3525 1709 3608 patri,
1739 3524 1887 3588 d’no
1928 3524 1974 3588 J
1978 3523 2078 3589 oh.
2111 3525 2270 3608 Ep'o
2299 3524 2654 3606 Aybonen„

369 3645 485 3710 per
514 3627 676 3691 Ven.
707 3631 774 3691 et
803 3625 1199 3709 Religiosum
1229 3624 1459 3701 virum,
1504 3624 1769 3688 fratrem
1813 3623 2183 3689 «Iohannem
2226 3625 2299 3687 in
2327 3624 2652 3688 Abbatem

372 3725 603 3790 Mon’ii
675 3725 756 3790 de
821 3726 1113 3808 Whitby,
1174 3724 1440 3789 Ordinis
1499 3723 1559 3788 S.
1622 3723 1981 3800 Benedicti,
2038 3724 2225 3789 Ebor.
2299 3724 2652 3788 Dioceseos

372 3825 668 3902 electum,
697 3826 1261 3909 praesentationem
1292 3832 1359 3889 et
1387 3823 1804 3888 traditionem
1850 3829 1918 3887 et
1960 3823 2249 3907 ipsarum
2290 3824 2652 3889 litterarum

371 3944 487 4007 per
528 3924 720 4008 praed.
769 3925 933 3989 Ven.
976 3931 1228 4008 patrem
1279 3921 1500 3986 d’num
1544 3922 1777 4006 Ep’um
1820 3922 2156 4005 Aybonen.
2202 3923 2654 4006 receptionem,

371 4042 445 4087 ac
496 4023 696 4087 etiam
744 4023 1034 4087 muneris
1085 4021 1554 4088 benedictionis
1606 4021 1780 4085 dicto
1825 4022 2008 4085 fratri
2064 4022 2112 4087 J
2114 4021 2213 4086 oh.
2274 4042 2388 4105 per
2437 4022 2653 4105 ipsum

371 4121 533 4188 Ven.
558 4126 807 4205 patrem
838 4122 1223 4187 auctoritate
1254 4120 1573 4186 dictarum
1602 4121 1968 4184 litterarum
1997 4120 2379 4205 impensum,
2403 4141 2657 4185 necnon

371 4220 672 4286 omnibus
731 4227 797 4285 et
870 4221 1148 4306 singulis
1221 4220 1690 4304 suprascriptis,
1754 4239 1887 4283 una
1953 4240 2102 4284 cum
2171 4219 2655 4303 praenominatis

369 4320 666 4398 testibus,
717 4320 863 4386 dico
915 4321 1010 4385 sic
1060 4340 1177 4404 per
1219 4319 1468 4384 dictum
1518 4324 1769 4403 patrem
1814 4324 2156 4403 agerentur
2198 4324 2265 4384 et
2303 4320 2531 4384 fierent
2573 4320 2656 4384 ad

366 4418 588 4484 indict.
636 4425 757 4485 etc.
798 4440 1081 4504 praesens
1128 4419 1415 4495 interfui,
1459 4439 1665 4503 eaque
1709 4419 1927 4483 omnia
1970 4426 2037 4484 et
2080 4419 2338 4505 singula
2379 4419 2475 4485 sic
2520 4420 2658 4486 fieri

367 4519 507 4584 vidi
536 4526 603 4584 et
631 4520 873 4599 audivi,
894 4520 1127 4607 recepi,
1156 4525 1223 4584 et
1251 4539 1365 4603 per
1393 4518 1591 4582 alium
1626 4525 1976 4603 occupatus
2007 4519 2203 4584 scribi
2233 4519 2374 4585 feci.

456 4633 597 4684 vol..
631 4636 698 4684 IL
2347 4635 2392 4684 U
