3254 5140
557 600 681 659 642
918 609 1461 662 CARTULARIUM
1497 611 1907 663 ARBATHIAE
1943 613 2041 664 DE
2076 613 2453 665 WHI'I'EBY.

552 782 790 852 menta,
820 781 954 839 tam
979 775 1059 838 de
1081 773 1454 858 calumpnia
1475 795 1672 859 quam
1695 774 1774 840 de
1799 777 2072 842 veritate
2095 777 2383 854 dicenda,
2407 785 2474 842 et
2496 780 2835 861 quodlibet

553 873 733 937 aliud
761 893 966 957 genus
993 873 1158 937 liciti
1188 874 1573 938 sacramenti
1602 873 1674 936 in
1703 875 1987 938 animam
2024 895 2238 941 meam
2282 878 2655 960 praestandi,
2685 898 2830 961 pro-

553 973 983 1056 positionibus
1027 980 1093 1038 et
1129 973 1741 1058 interrogationibus
1786 975 2077 1059 ejusdem
2123 976 2336 1040 Patris
2381 970 2833 1060 respondendi,

553 1072 844 1137 defectus
874 1072 1281 1156 corporisque
1309 1073 1438 1136 mei
1468 1072 1871 1137 debilitatem
1903 1080 1970 1137 et
2008 1074 2339 1138 adversam
2372 1074 2834 1152 valetudinem,

552 1191 628 1235 ac
657 1191 1059 1255 quaecunque
1089 1171 1218 1234 alia
1247 1171 1708 1254 impedimenta
1735 1171 2068 1256 probandi,
2092 1193 2165 1237 ac
2189 1173 2503 1257 dignitate
2525 1179 2593 1238 et
2622 1174 2832 1239 officio

553 1271 847 1347 Abbatis,
898 1269 1075 1334 omni
1125 1270 1321 1334 etiam
1358 1270 1494 1354 juri
1537 1276 1604 1334 et
1653 1271 2043 1354 possessioni
2088 1272 2160 1335 in
2207 1273 2319 1349 eis,
2363 1293 2478 1338 seu
2521 1273 2831 1356 qualiter-

554 1389 809 1452 cunque
867 1369 949 1431 ad
1009 1388 1134 1445 eas,
1191 1374 1307 1432 aut
1365 1369 1446 1432 ad
1506 1389 1599 1446 ea,
1659 1369 1821 1434 mihi
1880 1370 2414 1453 competentibuS,
2473 1372 2831 1436 secundum

556 1467 1046 1544 ordinationem,
1087 1468 1375 1545 laudum,
1418 1475 1485 1533 et
1527 1469 1778 1533 dictum
1821 1469 2116 1554 praedicti
2157 1470 2563 1535 Venerabilis
2607 1472 2831 1555 patris»,

554 1566 687 1629 d’ni
730 1566 917 1629 Ebor.
948 1566 1292 1650 Archiep'i,
1332 1566 1602 1631 cedendi
1638 1575 1705 1632 et
1748 1568 2183 1644 renuntiandi,
2211 1587 2287 1633 ac
2332 1570 2550 1632 omnia
2592 1569 2721 1633 alia
2763 1576 2832 1634 et

554 1664 809 1748 singula
860 1663 1156 1742 faciendi,
1207 1665 1406 1730 etiam
1458 1666 1515 1730 si
1567 1667 1948 1731 mandatum
1999 1668 2263 1752 exigant
2316 1668 2610 1752 speciale.
2700 1669 2828 1732 Pro

553 1763 795 1827 eisdem
852 1784 1003 1828 vero
1074 1765 1588 1847 procuratoribus
1648 1766 1829 1843 meis,
1901 1771 1968 1830 et
2039 1787 2258 1831 eorum
2331 1767 2828 1851 quibuscunque

553 1863 822 1940 duobus,
865 1884 1026 1947 quos
1069 1869 1415 1949 praesentes
1459 1885 1597 1930 esse
1642 1866 2001 1950 contigerit,
2044 1887 2181 1930 rem
2232 1874 2440 1931 ratam
2492 1866 2716 1931 haberi
2759 1873 2828 1931 et

548 1962 912 2046 judicatum
956 1962 1140 2040 solvi,
1167 1963 1289 2027 sub
1332 1963 1654 2047 ypotheca
1698 1984 1912 2029 rerum
1954 1965 2034 2029 ad
2083 1985 2186 2029 me
2230 1971 2297 2029 et
2325 1964 2826 2049 quibuscunque

554 2063 766 2127 causis
839 2062 1374 2147 qualitercunque
1447 2062 1938 2147 pertinentium,
1998 2065 2306 2148 promitto
2365 2071 2434 2128 et
2493 2064 2825 2129 cautiones

553 2182 818 2244 expono
908 2162 1156 2226 Datum
1195 2162 1267 2225 in
1296 2162 1694 2227 Monasterio
1738 2167 1956 2228 nostro
1995 2163 2168 2247 apud
2199 2163 2514 2248 Whiteby
2541 2163 2635 2227 vii
2665 2164 2825 2228 Idus

552 2263 599 2325 J
603 2261 739 2338 ulii,
769 2262 843 2324 A.
877 2261 953 2325 G.
986 2269 1203 2326 M⁰ccc⁰
1231 2262 1539 2326 vicesimo
1569 2262 1869 2326 secundo

644 2361 829 2437 Item,
874 2360 1249 2426 Venerabili
1300 2361 1372 2424 in
1416 2360 1675 2426 Christo
1726 2362 1898 2444 patri
1941 2367 2008 2425 et
2051 2362 2218 2439 d’no,
2261 2362 2429 2426 D'no
2473 2360 2828 2438 willelmo,

551 2459 631 2522 D.
659 2460 733 2522 G.
766 2465 905 2536 etc.,
938 2458 1309 2523 Conventus
1354 2460 1584 2523 Mon'ii
1614 2460 1695 2524 de
1727 2461 2055 2545 Whiteby,
2086 2461 2347 2526 Ordinis
2377 2460 2439 2524 S.
2470 2460 2827 2537 Benedicti,

552 2557 1006 2635 obedientiam,
1034 2559 1478 2636 reverentiam,
1507 2566 1574 2623 et
1601 2560 1926 2626 honorem.
2017 2560 2351 2625 Noveritis
2380 2559 2555 2644 quod
2599 2559 2823 2625 audito

554 2679 593 2722 a
622 2656 1012 2741 quibusdam
1057 2658 1230 2741 quod
1259 2658 1670 2724 Venerabilis
1703 2660 1821 2737 vir,
1855 2660 2055 2725 frater
2096 2661 2377 2725 Thomas
2421 2660 2502 2725 de
2546 2660 2825 2737 Malton,

549 2757 768 2821 Abbas
812 2757 1016 2820 nostri
1061 2757 1409 2835 Monast'ii,
1449 2759 1563 2842 qui
1616 2759 1931 2824 hactenus
1983 2761 2055 2823 in
2098 2761 2376 2824 Abbatis
2426 2760 2634 2824 officio
2685 2766 2823 2824 tam

547 2854 960 2920 laudabiliter
988 2876 1185 2940 quam
1229 2856 1464 2921 valiter
1506 2842 1576 2921 se
1619 2860 1898 2942 gerebat,
1942 2860 2287 2924 attendens
2331 2866 2551 2923 tamen
2595 2858 2824 2924 debili·

548 2960 749 3019 tatem
777 2956 881 3020 sui
904 2955 1186 3040 corporis
1217 2961 1285 3021 et
1306 2956 1642 3021 adversam
1664 2956 2127 3036 valetudinem,
2151 2965 2287 3022 tam
2311 2980 2393 3023 ex
2413 2964 2603 3043 gutta
2624 2978 2822 3042 quam

545 3054 738 3119 senili
783 3060 971 3121 aetate
1015 3077 1135 3120 sua
1176 3056 1647 3140 provenientes,
1692 3063 1759 3121 et
1801 3058 2179 3123 affectantes
2228 3058 2578 3122 utilitatem
2615 3059 2820 3121 nostri

548 3155 898 3232 Monast'ii,
927 3155 1151 3220 cedere
1192 3155 1479 3221 intendit
1513 3156 1819 3240 dignitati
1848 3162 1915 3220 et
1945 3156 2153 3221 officio
2183 3157 2460 3221 Abbatis
2491 3157 2823 3221 Monast’ii

546 3254 874 3331 antedicti,
918 3256 1275 3319 secundum
1319 3260 1601 3319 vestram
1649 3254 2116 3320 ordinationem
2165 3261 2583 3340 vestrumque
2629 3255 2819 3320 bene-

543 3354 853 3437 placitum
915 3360 981 3418 et
1031 3375 1367 3419 assensum
1394 3355 1636 3419 2—Nos
1690 3354 2068 3419 Conventus
2125 3356 2490 3439 praedictus,
2549 3354 2820 3419 dilectos

545 3453 731 3518 nobis
788 3454 861 3517 in
920 3454 1179 3518 Christo
1238 3454 1466 3517 fratres
1527 3452 1883 3517 Radulfum
1957 3454 2039 3517 de
2111 3454 2444 3538 Ellardby,
2514 3453 2822 3532 Priorem,

543 3554 856 3617 Thomam
915 3552 995 3616 de
1055 3553 1304 3616 Garton
1355 3560 1423 3617 et
1471 3552 1757 3616 Alanum
1818 3553 1899 3618 de
1959 3553 2276 3638 Malteby,
2328 3554 2819 3618 commonachos

543 3652 832 3737 ejusdem
886 3651 1235 3728 Monast’ii,
1285 3658 1729 3735 procuratores
1789 3658 2059 3730 nostroe,
2117 3659 2183 3717 et
2243 3653 2508 3718 nuntios
2567 3657 2817 3717 nostros

542 3751 852 3837 speciales
896 3751 1287 3828 ordinamus,
1333 3752 1606 3817 facimus
1660 3757 1726 3816 et
1776 3752 2235 3817 constituimus
2287 3774 2401 3846 per
2450 3758 2817 3836 praesenteS,

540 3853 769 3916 dantes
828 3856 895 3916 et
944 3849 1367 3915 concedentes
1411 3849 1657 3915 eisdem
1700 3850 2114 3934 conjunctim,
2167 3857 2235 3916 et
2292 3871 2513 3915 eorum
2565 3850 2816 3914 duobus

540 3952 1053 4035 quibuscunque,
1096 3970 1257 4034 quos
1300 3955 1653 4033 praesentes
1698 3970 1838 4013 esse
1882 3949 2240 4034 contigerit,
2285 3971 2400 4033 per
2443 3970 2512 4013 se
2555 3948 2816 4012 divisim

539 4051 612 4113 in
656 4050 953 4127 solidum,
996 4049 1092 4113 ita
1135 4048 1309 4132 quod
1360 4069 1491 4112 non
1537 4048 1626 4112 sit
1671 4048 1897 4112 melior
1939 4048 2225 4112 conditio
2272 4048 2648 4132 occupantis
2700 4068 2816 4112 seu

540 4149 1014 4232 occupantium,
1052 4155 1153 4212 set
1196 4167 1272 4211 ea
1306 4167 1454 4232 quae
1496 4167 1613 4231 per
1656 4146 1864 4211 dictos
1910 4151 2039 4211 tres
2084 4147 2501 4230 conjunctim,
2545 4153 2661 4210 aut
2703 4166 2820 4229 per

538 4250 702 4313 duos
746 4249 1034 4332 ipsorum
1076 4248 1339 4330 incepta
1380 4247 1624 4311 fuerint
1667 4246 1782 4310 alii
1812 4245 1941 4309 duo
1985 4246 2359 4329 quicunque
2389 4265 2610 4310 eorum
2654 4266 2818 4329 quos

539 4346 879 4430 contigerit
894 4352 1239 4431 praesentes
1262 4366 1398 4411 esse
1421 4367 1496 4411 ea
1519 4344 1819 4429 persequi
1842 4344 2104 4409 valeant
2126 4351 2192 4409 et
2221 4344 2425 4422 finire,
2453 4344 2818 4429 generalem

536 4453 920 4530 potestatem
941 4454 1008 4510 et
1030 4445 1304 4529 speciale
1334 4445 1732 4522 mandatum,
1763 4466 1880 4508 nos
1909 4449 1976 4508 et
2006 4444 2475 4508 Monasterium
2505 4449 2820 4521 nostrum,

537 4549 706 4611 bona
765 4552 1000 4619 nostra,
1059 4552 1193 4608 tam
1253 4544 1519 4609 mobilia
1578 4565 1776 4628 quam
1850 4543 2228 4621 immobilia,
2289 4551 2357 4608 et
2428 4544 2815 4608 nominatim

535 4644 892 4709 manerium
954 4642 1031 4706 de
1098 4643 1436 4720 Eskedale,
1496 4644 1762 4719 fructus,
1822 4643 2131 4721 redditus,
2185 4650 2251 4709 et
2311 4652 2666 4727 proventus
2728 4646 2812 4708 ad
