3254 5140
796 619 1339 672 CARTULARIUM
1375 618 1781 671 ABBATHIAE
1820 620 1918 672 DE
1951 619 2325 672 WHITEBY.
2571 608 2695 667 653

422 782 810 848 liberalitate
854 784 1091 848 nostris
1134 783 1509 848 Venerabili
1539 783 1610 846 in
1642 783 1903 848 Christo
1931 783 2122 867 patri,
2150 782 2476 848 Willelmo
2505 784 2585 847 D.
2619 784 2697 849 G.

421 882 606 946 Ebor.
637 883 981 966 Archiep'o
1005 888 1122 949 etc.
1146 887 1213 947 et
1235 883 1372 947 suis
1396 882 1889 956 successoribus,
1910 881 2080 946 Eccl.
2107 882 2294 947 Ebor.
2317 882 2699 966 Archiep'is,

421 981 492 1044 in
535 1001 754 1045 annua
795 982 1106 1065 pensione
1151 989 1296 1046 octo
1339 1002 1701 1045 marcarum
1731 980 2184 1045 solvendarum
2214 980 2553 1065 Archiep'o
2582 983 2698 1066 qui

422 1099 537 1161 pro
567 1087 854 1163 tempore
882 1080 1081 1145 fuerit
1110 1081 1182 1144 in
1212 1101 1386 1164 perp.
1419 1080 1490 1143 in
1520 1079 1707 1144 festis
1739 1080 1919 1143 Pent.
1945 1087 2011 1143 et
2033 1080 2094 1145 S.
2124 1080 2398 1143 Martini
2419 1081 2488 1143 in
2509 1100 2696 1163 yeme

422 1178 611 1241 annis
642 1178 918 1262 singulis
947 1197 1064 1263 per
1090 1179 1415 1262 portiones
1445 1178 1744 1262 aequaleS,
1775 1184 1840 1242 et
1869 1177 1963 1242 sic
1994 1179 2173 1241 omni
2202 1199 2374 1242 anno
2402 1178 2474 1241 in
2503 1199 2699 1262 perp„

422 1274 595 1357 apud
668 1276 875 1352 Ebot„
933 1277 1004 1340 in
1064 1276 1739 1359 recompensationem,
1798 1275 2248 1340 allocationem
2307 1297 2424 1340 seu
2482 1277 2695 1341 subla-

422 1373 665 1438 tionem
709 1375 992 1438 laesionis
1031 1375 1198 1457 juris
1243 1374 1433 1457 praed.
1468 1374 1621 1438 D’ni
1656 1373 1997 1458 Archiep'i,
2026 1374 2198 1439 Eccl.
2231 1395 2363 1439 suae
2394 1376 2599 1452 Ebor„
2629 1382 2697 1440 et

422 1490 588 1535 succ.
618 1493 879 1536 suorum
911 1473 1177 1556 imperp.
1202 1473 1259 1536 si
1288 1493 1418 1556 qua
1445 1480 1762 1549 causetur,
1784 1472 2071 1550 resultet,
2094 1473 2197 1549 sit,
2223 1473 2360 1538 sive
2389 1481 2698 1559 sequatur

424 1590 504 1633 ex
533 1572 1052 1655 appropriatione
1081 1571 1387 1636 Ecclesiae
1417 1571 1496 1636 de
1527 1571 1748 1635 Semer
1775 1591 1908 1636 suae
1936 1572 2121 1635 Ebor.
2154 1572 2476 1638 dioceseos
2508 1575 2695 1638 nobis

427 1670 609 1734 facta.
702 1671 783 1733 In
834 1671 1020 1754 cujus
1069 1691 1113 1735 r.
1161 1677 1204 1735 t.
1252 1670 1366 1754 sig.
1410 1690 1753 1734 commune
1806 1671 1960 1754 Cap:
2007 1671 2210 1735 nostri
2268 1674 2694 1756 praesentibus

424 1770 853 1852 apposuimus.
943 1770 1190 1833 Datum
1242 1770 1415 1853 apud
1469 1769 1779 1854 Whiteby
1831 1771 2089 1834 xxvii¹¹¹⁰
2132 1771 2236 1835 die
2283 1774 2520 1837 mensis
2565 1774 2695 1837 De-

424 1868 695 1932 cembris
725 1869 803 1932 A.
836 1870 914 1933 D.
949 1877 1165 1933 M⁰ccc⁰
1200 1868 1500 1932 vicesimo
1531 1869 1736 1932 tertio.

1443 2042 1669 2127 (Ibid.)

440 2271 441 2274 Ἴ
511 2190 901 2268 Willelmus,
945 2191 1024 2255 D.
1073 2192 1150 2258 G.
1198 2192 1383 2257 Ebor.
1416 2189 1796 2274 Archiep'us
1827 2195 1963 2267 etc,
1996 2191 2312 2275 Magistro
2342 2194 2586 2279 Rogero
2616 2198 2695 2261 de

423 2291 552 2366 Ak,
611 2291 913 2367 Diacon0,
974 2310 1042 2368 s.,
1092 2311 1181 2373 gr.
1243 2296 1309 2354 et
1358 2290 1890 2356 benedictionem.
1980 2291 2083 2355 Ad
2136 2295 2695 2374 praesentationem

427 2390 626 2473 Relig.
672 2390 972 2466 virorum,
1018 2390 1289 2468 Abbatis
1335 2396 1401 2453 et
1433 2390 1631 2454 Conv,
1664 2389 1893 2453 Mon'ii
1936 2390 2017 2454 de
2060 2390 2388 2476 Whiteby,
2433 2394 2571 2478 [te,]
2618 2395 2696 2458 de

424 2490 607 2574 cujus
660 2489 907 2552 meritis
960 2496 1026 2553 et
1069 2489 1423 2553 virtutibus
1468 2488 1788 2553 sinceram
1835 2487 2137 2554 fiduciam
2181 2490 2567 2570 obtinemus,
2614 2494 2697 2558 ad

424 2588 731 2652 vicariam
753 2588 900 2653 eccl.
926 2589 1003 2653 de
1030 2588 1268 2665 Semer,
1292 2594 1526 2653 nostrae
1547 2589 1886 2667 dioceseos,
1908 2596 2265 2669 vacantem,
2287 2593 2573 2657 caritatis
2596 2595 2694 2657 in-

425 2688 600 2751 tuitu
629 2688 1036 2751 admittimus
1066 2693 1131 2751 et
1161 2687 1474 2751 vicarium
1510 2696 1913 2772 perpetuum,
1944 2709 2093 2754 cum
2125 2710 2314 2755 onere
2344 2694 2697 2776 personalis

424 2786 804 2862 residentiae,
826 2787 1020 2870 juxta
1050 2786 1321 2850 formam
1350 2788 1834 2852 constitutionis
1864 2789 2088 2873 Legati
2117 2809 2309 2872 super
2337 2791 2459 2855 hoc
2489 2793 2699 2870 editae,

420 2885 827 2950 instituimus
846 2884 1148 2949 canonice
1170 2885 1239 2947 in
1263 2885 1501 2949 eadem.
1554 2886 1736 2950 Vale.
1789 2888 2032 2949 Datum
2053 2887 2124 2949 in
2148 2887 2452 2971 Hospitio
2481 2896 2700 2956 nostro

424 3004 619 3067 prope
664 2983 1329 3061 westmonasterium,
1374 3005 1415 3047 v
1458 2984 1616 3047 Idus
1650 2985 1893 3060 Martii,
1923 2988 1996 3049 A.
2027 3007 2114 3071 gr.
2147 2995 2365 3052 M⁰ccc⁰
2394 2989 2698 3054 vicesimo

423 3085 631 3160 terti0‚
662 3089 728 3147 et
758 3084 991 3147 Pontis.
1023 3083 1226 3148 nostri
1255 3083 1548 3165 septimo.

512 3183 709 3246 Mem.
755 3181 929 3265 quod
980 3181 1223 3245 eisdem
1273 3180 1380 3244 die
1430 3187 1498 3244 et
1547 3179 1687 3244 loco
1732 3180 2043 3262 scriptum
2075 3179 2202 3243 fuit
2230 3182 2698 3249 Archidiacono

428 3282 546 3345 Est
574 3282 814 3365 Riding
842 3281 949 3345 vel
978 3281 1118 3363 ejus
1142 3279 1422 3345 officiali
1452 3279 1535 3343 ad
1564 3278 2004 3342 inducendum
2023 3279 2270 3343 dictum
2293 3282 2701 3365 Magistrum,

428 3379 533 3443 vel
575 3385 1049 3463 procuratorem
1093 3399 1287 3443 suum
1331 3378 1473 3461 ejus
1514 3376 1795 3452 nomine,
1829 3375 1901 3439 in
1945 3377 2259 3461 corporali
2301 3382 2698 3462 possessione

427 3477 615 3542 dictae
646 3479 900 3542 vicariae
931 3499 1080 3542 cum
1111 3478 1245 3541 suis
1267 3476 1524 3561 juribus
1555 3481 1621 3540 et
1650 3475 2067 3559 pertinenciis
2099 3477 2428 3542 universis.

1130 3713 1367 3779 Dolv.
1401 3712 1708 3798 (Menon,
1726 3712 1767 3777 f.
1805 3718 1882 3776 26
1893 3710 2006 3796 2¹³.)

516 3864 1011 3931 Memorandum
1055 3863 1229 3948 quod
1273 3862 1373 3926 iiii
1417 3861 1692 3926 Kalend.
1740 3861 1990 3945 Aprilis
2034 3860 2126 3925 Αο
2155 3862 2234 3925 D.
2267 3871 2485 3927 M⁰ccc⁰
2513 3864 2699 3929 trice-

427 3964 589 4028 simo
620 3964 911 4047 septimO,
943 3961 1117 4046 apud
1140 3960 1431 4037 Cawode,
1453 3960 1776 4024 Dominus
1806 3959 1984 4025 dedit
2012 3959 2343 4023 licentiam
2362 3961 2605 4025 Abbati
2635 3969 2702 4027 et

429 4064 628 4128 Conv.
688 4062 768 4127 de
817 4061 1131 4145 Whiteby
1183 4059 1356 4143 quod
1413 4060 1556 4144 ipse
1613 4059 1821 4143 possit
1861 4057 2141 4124 vendere
2200 4064 2268 4123 et
2317 4060 2400 4124 ad
2450 4062 2699 4127 firmam

425 4162 751 4226 dimittere
809 4162 1058 4226 fructus
1102 4159 1403 4223 villarum
1455 4158 1536 4223 de
1588 4158 1858 4242 Gayton,
1911 4157 2232 4242 Osgodby,
2284 4159 2577 4242 Depdale
2635 4168 2702 4227 et

428 4261 810 4345 Kilwardby
839 4259 1008 4323 infra
1038 4239 1403 4341 parocliiam
1433 4257 1718 4322 ecclesiae
1746 4256 1827 4321 de
1873 4257 2092 4322 Semer
2132 4259 2422 4342 personis
2451 4259 2699 4327 idoneis

426 4412 618 4477 bishop
654 4410 710 4462 of
745 4415 856 4462 two
892 4409 1165 4475 chaplainn
1201 4412 1258 4459 to
1282 4423 1435 4458 serve
1459 4406 1518 4457 in
1541 4406 1636 4457 the
1659 4405 1860 4472 Chapel
1885 4405 1941 4456 of
1975 4405 2028 4457 s.
2056 4404 2211 4470 Mau-y
2236 4374 2341 4456 aad
2368 4406 2420 4459 s,
2453 4407 2621 4459 mena
2644 4410 2698 4460 in

426 4495 747 4561 Wykeham,
771 4497 1008 4545 extracta
1043 4492 1182 4542 from
1207 4490 1381 4542 which
1416 4489 1734 4551 ordination,
1773 4488 1880 4542 und
1917 4492 2068 4540 notes
2093 4504 2160 4538 on
2197 4488 2257 4550 it,
2289 4489 2397 4541 will
2430 4490 2495 4542 be
2531 4492 2700 4545 found

429 4578 485 4628 in
512 4578 610 4630 No.
641 4578 799 4637 603Δ,
832 4574 1193 4640 immediately
1217 4573 1513 4640 preceding.
