3254 5140
714 584 1261 638 CARTULARIUM
1296 584 1704 637 ABBATHIAE
1740 585 1840 637 DE
1874 585 2248 639 WHITEBY.
2494 575 2620 636 647

825 749 934 814 An
966 764 1484 814 msa-mannum
1512 764 1768 814 moron
1799 749 2142 816 Assum,

434 872 808 938 willelmus
838 876 955 937 etc.
979 871 1215 936 dilecto
1245 871 1398 949 filio,
1421 871 1699 937 Officiali
1720 872 2178 938 Archidiaconi
2203 873 2624 940 Olivelandiae

349 995 416 1050 8.,
444 994 530 1057 gr.
562 978 629 1038 et
654 971 1185 1036 benedictionem.
1262 971 1431 1048 Quia
1458 976 1845 1055 praesentata
1875 973 2061 1037 nobis
2092 994 2207 1057 per
2235 974 2521 1039 Priorem
2556 979 2625 1039 et

349 1072 547 1137 ConV.
592 1071 822 1135 Mon’ii
874 1070 955 1135 de
999 1070 1311 1154 Whiteby
1356 1070 1675 1136 electione
1726 1092 1843 1136 sua
1894 1072 1974 1137 de
2019 1073 2211 1138 fratre
2254 1072 2500 1137 Thoma
2544 1073 2624 1138 de

351 1170 827 1256 Haukesgarth,
870 1170 1328 1234 commonacho
1380 1190 1515 1248 suc,
1573 1171 1647 1234 in
1697 1170 2023 1237 Abbatem
2069 1172 2359 1256 ejusdem
2402 1172 2627 1250 electo,

350 1270 685 1347 celebrata,
715 1290 911 1354 quam
954 1269 1174 1334 debito
1218 1270 1497 1335 examini
1546 1272 1958 1355 subjecimus,
1989 1272 2369 1337 electionem
2411 1272 2622 1356 ipsam

347 1370 653 1435 canonice
692 1369 1000 1434 duximus
1043 1369 1568 1447 confirmandam,
1596 1371 1808 1437 eidem
1849 1377 2164 1456 tanquam
2207 1371 2453 1436 Abbati
2496 1373 2627 1437 loci

347 1470 643 1553 praedicti
679 1490 898 1535 curam
927 1476 995 1534 et
1037 1471 1395 1534 custodiam
1425 1471 1866 1556 spiritualium
1897 1473 2058 1538 dicti
2089 1473 2422 1537 Monast'ii
2451 1493 2626 1537 com·

351 1569 703 1648 mittentes,
731 1571 914 1635 vobis
945 1570 1326 1636 mandamns
1355 1571 1667 1655 quatinus
1696 1571 1907 1636 eidem
1937 1572 2207 1637 stallum
2233 1573 2307 1636 in
2338 1573 2530 1637 choro
2560 1579 2628 1638 et

347 1669 565 1734 locum
622 1670 695 1733 in
756 1670 1057 1754 Capitulo
1116 1670 1349 1748 debite,
1408 1670 1580 1736 sicut
1639 1672 1963 1749 convenit,
2029 1672 2390 1756 assignetis,
2449 1672 2625 1756 quod

347 1774 635 1833 vestrum
679 1776 780 1834 est
821 1769 893 1833 in
936 1769 1058 1833 hac
1100 1776 1281 1854 parte
1311 1770 1480 1834 circa
1522 1771 1739 1854 ipsum
1768 1791 1850 1836 ex
1879 1771 2389 1855 promptitudine
2430 1771 2626 1835 officii

349 1876 759 1953 exequentes.
847 1868 1094 1935 Valete.
1184 1870 1432 1934 Datum
1462 1870 1584 1948 die,
1613 1870 1771 1947 loco,
1803 1876 1870 1935 et
1899 1891 2068 1935 anno
2096 1871 2279 1955 prius
2308 1870 2582 1955 scriptis.

399 2034 619 2118 (240b)
664 2034 803 2098 Pno
834 2049 1155 2098 Pmsmmz:
1186 2049 1687 2099 consumma
1716 2049 2002 2098 summa
2031 2047 2605 2099 PRAEsnmanoms

1110 2132 1404 2197 ABBA'ns
1433 2149 1520 2196 nr.
1548 2133 1889 2196 ernsr.

440 2256 811 2322 willemus
870 2265 988 2321 etc.
1049 2255 1304 2321 enectis
1363 2257 1435 2320 in
1494 2256 1753 2321 Christo
1796 2255 1968 2333 filiis,
2017 2218 2260 2321 Abbati
2312 2262 2379 2321 et
2428 2255 2627 2320 conv.

354 2356 687 2420 Monast’ii
706 2356 787 2420 de
812 2355 1143 2440 Whiteby,
1166 2362 1400 2420 nostrae
1432 2355 1771 2433 diocese08,
1793 2375 1861 2433 s.,
1879 2376 1969 2440 gr.
2001 2361 2069 2420 et
2096 2353 2627 2420 benedictionem.
2748 2420 2757 2426 ,

355 2455 523 2520 Cum
581 2475 715 2530 vos,
773 2454 1013 2532 Abbas,
1071 2454 1399 2519 occasione
1451 2474 1636 2519 novae
1703 2454 2220 2539 praesentationis
2271 2460 2501 2519 vestrae
2557 2453 2628 2517 in

354 2555 692 2631 Abbatem‚
764 2575 898 2619 una
969 2575 1118 2619 cum
1179 2553 1522 2619 Conventu
1578 2558 1813 2632 vestm,
1888 2553 2086 2620 alicui
2156 2575 2445 2639 personae
2516 2573 2632 2638 per

354 2655 694 2740 praelatum
746 2653 1156 2718 nominandae
1207 2654 1599 2719 constituere
1649 2654 2005 2720 teneamini
2054 2659 2296 2719 certam
2345 2673 2631 2718 annuam

354 2753 748 2838 pensionem,
777 2751 1185 2817 devotionem
1207 2756 1487 2816 vestram
1517 2772 1855 2817 monemus
1885 2759 1953 2817 et
1995 2752 2328 2816 hortamur
2353 2751 2426 2816 in
2462 2751 2631 2815 D’no

354 2854 663 2937 quatinus
713 2851 951 2916 dilecto
993 2850 1237 2916 valetto
1280 2857 1348 2916 et
1391 2852 1865 2935 consanguineo
1909 2857 2143 2929 nostr0,
2172 2851 2505 2917 Willelmo
2550 2850 2632 2916 de

358 2952 565 3029 Oliffe,
609 2971 804 3034 quem
854 2950 938 3014 ad
989 2948 1110 3014 hoc
1162 2950 1528 3034 specialiter
1569 2950 1755 3015 vobis
1797 2949 2106 3014 duximus
2148 2950 2633 3026 nominandum,

356 3050 768 3116 constituatis
815 3056 881 3115 et
923 3071 1038 3134 per
1080 3057 1325 3114 vestras
1367 3054 1664 3132 patentes
1703 3048 1953 3113 litteras
1996 3049 2378 3126 concedatis,
2421 3048 2635 3133 quoad

357 3151 614 3227 vixerit,
643 3154 882 3214 certam
910 3169 1195 3213 annuam
1223 3147 1596 3232 pensionem
1631 3167 1792 3231 quae,
1836 3145 2191 3211 secundum
2219 3147 2388 3211 vires
2431 3146 2632 3211 facul-

358 3255 573 3313 tatum
618 3247 818 3314 vestri
869 3247 1116 3323 Mon'ii,
1168 3251 1235 3311 et
1286 3246 1513 3309 dantes
1558 3243 1797 3321 deceat,
1842 3250 1908 3308 et
1950 3243 2289 3327 recipienti
2331 3243 2514 3307 utilis
2559 3263 2634 3307 ac

357 3349 682 3412 fructuosa
711 3347 967 3423 existat,
998 3346 1311 3430 nobisque
1341 3344 1571 3409 merito
1612 3349 1795 3428 grata
1837 3363 1976 3407 esse
2004 3343 2253 3420 debeat,
2279 3342 2519 3426 pariter
2561 3362 2636 3406 sc

360 3452 657 3528 accepta3
700 3445 917 3510 taliter
966 3445 1038 3508 in
1096 3444 1217 3508 hac
1274 3449 1457 3527 parte
1504 3462 1618 3506 vos
1670 3441 2002 3519 habentes,
2048 3442 2106 3505 si
2149 3440 2377 3525 placet,
2422 3445 2497 3504 ut
2557 3463 2632 3506 eo

363 3544 842 3609 favorabiliores
871 3564 986 3609 vos
1022 3542 1315 3608 inveniat
1344 3543 1556 3608 dictus
1584 3541 1976 3619 Willelmus,
2006 3541 2120 3625 qui
2162 3542 2348 3607 nobis
2392 3541 2637 3607 insidet

360 3644 565 3728 magis
596 3643 801 3720 corde,
824 3648 892 3707 et
913 3648 990 3707 ut
1013 3643 1194 3706 vobis
1238 3662 1313 3706 ac
1341 3647 1555 3707 vestro
1584 3639 1982 3705 Monasterio
2012 3641 2084 3704 in
2111 3640 2343 3705 vestris
2373 3640 2636 3725 agendis

360 3742 562 3807 artius
607 3742 686 3806 de
716 3748 943 3806 caetero
986 3748 1338 3805 teneamur.
1425 3740 1514 3805 Et
1556 3761 1674 3805 nos
1718 3740 1798 3805 de
1841 3759 1915 3805 eo
1959 3740 2133 3824 quod
2175 3740 2247 3803 in
2290 3740 2636 3823 praemissis

361 3841 677 3906 duxeritis
708 3840 1075 3905 faciendum
1106 3840 1291 3905 nobis
1320 3839 1490 3905 velle
1517 3846 1807 3905 vestrum
1843 3839 2100 3922 plenius
2129 3839 2493 3903 rescribatis
2523 3859 2640 3922 per

360 3940 646 4004 latorem.
734 3938 982 4003 Valete.
1072 3939 1321 4002 Datum
1365 3937 1538 4022 apud
1584 3937 1798 4021 Thorp
1841 3957 2054 4021 prope·
2081 3937 2266 4001 Ebor.
2299 3937 2374 4001 iii
2412 3938 2636 4001 Nonas

362 4038 737 4105 Decembris
767 4039 841 4101 A.
876 4038 983 4103 Gr.
1015 4037 1406 4102 M⁰ccc⁰xxii⁰
1434 4043 1501 4102 et
1530 4036 1768 4100 Pontis.
1800 4036 2005 4101 nostri
2034 4035 2280 4119 quint0.

1030 4186 1343 4251 nomau
1391 4186 1693 4271 (Meleon,
1724 4185 1765 4250 f.
1802 4186 1974 4269 242.)

366 4302 740 4367 Onomano
799 4314 1084 4363 DUARUM
1142 4314 1619 4363 cANrAmARUM
1679 4314 1752 4362 m
1806 4297 2109 4363 CAPELLA
2167 4312 2255 4360 nn
2312 4296 2641 4361 WYKHAM

697 4414 1069 4463 suum-Isos
1101 4398 1474 4461 PmomssAE
1503 4413 1584 4460 nr
1615 4397 1817 4462 OONV.
1849 4413 1937 4461 nn
1966 4397 2310 4461 WYKHAM.

456 4521 797 4587 Universis
835 4522 895 4587 S.
935 4521 1168 4586 Matris
1210 4520 1521 4585 Ecclesiae
1558 4520 1712 4585 filiis
1752 4520 1834 4585 ad
1873 4542 2054 4605 quos,
2093 4525 2230 4598 etc.,
2271 4520 2644 4586 Willelmus

366 4621 447 4685 D.
483 4620 557 4686 G.
590 4622 776 4687 Ebot.
808 4620 1189 4705 Archiep’us
1214 4625 1353 4697 etc„
1383 4618 1492 4685 sal.
1524 4619 1595 4683 in
1625 4620 1793 4685 D’no
1822 4619 2297 4704 sempiternam.
2374 4619 2642 4684 Illorum
