<?xml version="1.0" encoding="UTF-8"?>
<!DOCTYPE html PUBLIC "-//W3C//DTD XHTML 1.0 Transitional//EN"
    "http://www.w3.org/TR/xhtml1/DTD/xhtml1-transitional.dtd">
<html xmlns="http://www.w3.org/1999/xhtml" xml:lang="en" lang="en">
 <head>
  <title>
</title>
<meta http-equiv="Content-Type" content="text/html;charset=utf-8" />
  <meta name='ocr-system' content='tesseract 3.04.00' />
  <meta name='ocr-capabilities' content='ocr_page ocr_carea ocr_par ocr_line ocrx_word'/>
</head>
<body>
  <div class='ocr_page' id='page_1' title='image "./cartulariumabba02atkigoog_0333.png"; bbox 0 0 3254 5140; ppageno 0'>
   <div class='ocr_carea' id='block_1_1' title="bbox 810 575 2707 639">
    <p class='ocr_par' dir='ltr' id='par_1_1' title="bbox 810 575 2707 639">
     <span class='ocr_line' id='line_1_1' title="bbox 810 575 2707 639; baseline 0.002 -5"><span class='ocrx_word' id='word_1_1' title='bbox 810 581 1358 634; x_wconf 68' lang='lat' dir='ltr'>GAETULARIUM</span> <span class='ocrx_word' id='word_1_2' title='bbox 1393 581 1805 633; x_wconf 76' lang='lat' dir='ltr'>ABBATHIAE</span> <span class='ocrx_word' id='word_1_3' title='bbox 1841 582 1940 635; x_wconf 74' lang='lat' dir='ltr'><strong>DE</strong></span> <span class='ocrx_word' id='word_1_4' title='bbox 1969 584 2345 639; x_wconf 78' lang='lat' dir='ltr'><strong>WHITE&#39;BY.</strong></span> <span class='ocrx_word' id='word_1_5' title='bbox 2583 575 2707 638; x_wconf 86' lang='grc'><strong>673</strong></span> 
     </span>
    </p>
   </div>
   <div class='ocr_carea' id='block_1_2' title="bbox 426 746 2716 1731">
    <p class='ocr_par' dir='ltr' id='par_1_2' title="bbox 426 746 2716 1731">
     <span class='ocr_line' id='line_1_2' title="bbox 430 746 2715 835; baseline 0.002 -23"><span class='ocrx_word' id='word_1_6' title='bbox 430 746 753 812; x_wconf 88' lang='lat' dir='ltr'><strong>catoribus</strong></span> <span class='ocrx_word' id='word_1_7' title='bbox 781 746 944 812; x_wconf 81' lang='lat' dir='ltr'><strong>allec</strong></span> <span class='ocrx_word' id='word_1_8' title='bbox 974 767 1197 811; x_wconf 89' lang='lat' dir='ltr'><strong>recens</strong></span> <span class='ocrx_word' id='word_1_9' title='bbox 1228 746 1298 810; x_wconf 94' lang='lat' dir='ltr'><strong>in</strong></span> <span class='ocrx_word' id='word_1_10' title='bbox 1326 766 1544 832; x_wconf 84' lang='lat' dir='ltr'><strong>grosso</strong></span> <span class='ocrx_word' id='word_1_11' title='bbox 1573 767 1709 830; x_wconf 84' lang='lat' dir='ltr'><strong>prae</strong></span> <span class='ocrx_word' id='word_1_12' title='bbox 1739 748 1987 812; x_wconf 79' lang='lat' dir='ltr'><strong>caeteris</strong></span> <span class='ocrx_word' id='word_1_13' title='bbox 2024 755 2336 829; x_wconf 78' lang='lat' dir='ltr'><strong>emenmt,</strong></span> <span class='ocrx_word' id='word_1_14' title='bbox 2367 758 2435 815; x_wconf 92' lang='lat' dir='ltr'><strong>et</strong></span> <span class='ocrx_word' id='word_1_15' title='bbox 2461 756 2715 835; x_wconf 76' lang='lat' dir='ltr'><strong>partem</strong></span> 
     </span>
     <span class='ocr_line' id='line_1_3' title="bbox 426 845 2716 935; baseline 0.003 -26"><span class='ocrx_word' id='word_1_16' title='bbox 426 845 580 911; x_wconf 90' lang='lat' dir='ltr'><strong>inde</strong></span> <span class='ocrx_word' id='word_1_17' title='bbox 609 846 799 911; x_wconf 90' lang='lat' dir='ltr'><strong>salire</strong></span> <span class='ocrx_word' id='word_1_18' title='bbox 829 852 896 910; x_wconf 89' lang='lat' dir='ltr'><strong>et</strong></span> <span class='ocrx_word' id='word_1_19' title='bbox 916 845 1337 922; x_wconf 85' lang='lat' dir='ltr'><strong>imbarellare,</strong></span> <span class='ocrx_word' id='word_1_20' title='bbox 1360 849 1429 910; x_wconf 91' lang='lat' dir='ltr'><strong>et</strong></span> <span class='ocrx_word' id='word_1_21' title='bbox 1456 851 1710 929; x_wconf 84' lang='lat' dir='ltr'><strong>partem</strong></span> <span class='ocrx_word' id='word_1_22' title='bbox 1740 846 1894 912; x_wconf 89' lang='lat' dir='ltr'><strong>inde</strong></span> <span class='ocrx_word' id='word_1_23' title='bbox 1925 848 2247 913; x_wconf 89' lang='lat' dir='ltr'><strong>exsiccare</strong></span> <span class='ocrx_word' id='word_1_24' title='bbox 2270 855 2337 914; x_wconf 90' lang='lat' dir='ltr'><strong>et</strong></span> <span class='ocrx_word' id='word_1_25' title='bbox 2365 850 2436 914; x_wconf 94' lang='lat' dir='ltr'><strong>in</strong></span> <span class='ocrx_word' id='word_1_26' title='bbox 2467 852 2716 935; x_wconf 91' lang='lat' dir='ltr'><strong>copulis</strong></span> 
     </span>
     <span class='ocr_line' id='line_1_4' title="bbox 429 944 2716 1034; baseline 0.003 -25"><span class='ocrx_word' id='word_1_27' title='bbox 429 944 709 1030; x_wconf 74' lang='lat' dir='ltr'><strong>ponere,1</strong></span> <span class='ocrx_word' id='word_1_28' title='bbox 752 966 828 1010; x_wconf 91' lang='lat' dir='ltr'><strong>ac</strong></span> <span class='ocrx_word' id='word_1_29' title='bbox 872 945 1036 1009; x_wconf 91' lang='lat' dir='ltr'><strong>allec</strong></span> <span class='ocrx_word' id='word_1_30' title='bbox 1087 944 1255 1008; x_wconf 90' lang='lat' dir='ltr'><strong>illud</strong></span> <span class='ocrx_word' id='word_1_31' title='bbox 1299 944 1382 1009; x_wconf 89' lang='lat' dir='ltr'><strong>ad</strong></span> <span class='ocrx_word' id='word_1_32' title='bbox 1433 944 1639 1009; x_wconf 88' lang='lat' dir='ltr'><strong>dictas</strong></span> <span class='ocrx_word' id='word_1_33' title='bbox 1684 951 1899 1029; x_wconf 87' lang='lat' dir='ltr'><strong>partes</strong></span> <span class='ocrx_word' id='word_1_34' title='bbox 1945 956 2197 1013; x_wconf 86' lang='lat' dir='ltr'><strong>exteras</strong></span> <span class='ocrx_word' id='word_1_35' title='bbox 2240 968 2357 1032; x_wconf 87' lang='lat' dir='ltr'><strong>pro</strong></span> <span class='ocrx_word' id='word_1_36' title='bbox 2402 950 2716 1034; x_wconf 76' lang='lat' dir='ltr'><strong>singulari</strong></span> 
     </span>
     <span class='ocr_line' id='line_1_5' title="bbox 428 1043 2715 1127; baseline 0.003 -18"><span class='ocrx_word' id='word_1_37' title='bbox 428 1044 764 1109; x_wconf 91' lang='lat' dir='ltr'><strong>commodo</strong></span> <span class='ocrx_word' id='word_1_38' title='bbox 809 1064 929 1109; x_wconf 93' lang='lat' dir='ltr'><strong>suo</strong></span> <span class='ocrx_word' id='word_1_39' title='bbox 972 1044 1126 1108; x_wconf 84' lang='lat' dir='ltr'><strong>inde</strong></span> <span class='ocrx_word' id='word_1_40' title='bbox 1169 1043 1466 1109; x_wconf 88' lang='lat' dir='ltr'><strong>faciendo</strong></span> <span class='ocrx_word' id='word_1_41' title='bbox 1510 1044 1956 1123; x_wconf 86' lang='lat' dir='ltr'><strong>traduxerunt,</strong></span> <span class='ocrx_word' id='word_1_42' title='bbox 1986 1053 2053 1111; x_wconf 87' lang='lat' dir='ltr'><strong>et</strong></span> <span class='ocrx_word' id='word_1_43' title='bbox 2091 1047 2304 1112; x_wconf 85' lang='lat' dir='ltr'><strong>adhuc</strong></span> <span class='ocrx_word' id='word_1_44' title='bbox 2347 1050 2715 1127; x_wconf 86' lang='lat' dir='ltr'><strong>traducunt,</strong></span> 
     </span>
     <span class='ocr_line' id='line_1_6' title="bbox 429 1142 2714 1228; baseline 0.003 -21"><span class='ocrx_word' id='word_1_45' title='bbox 429 1144 502 1207; x_wconf 91' lang='lat' dir='ltr'><strong>in</strong></span> <span class='ocrx_word' id='word_1_46' title='bbox 530 1145 735 1208; x_wconf 79' lang='lat' dir='ltr'><strong>nostri</strong></span> <span class='ocrx_word' id='word_1_47' title='bbox 753 1142 780 1181; x_wconf 75' lang='lat'>²</span> <span class='ocrx_word' id='word_1_48' title='bbox 806 1164 1000 1228; x_wconf 85' lang='lat' dir='ltr'><strong>grave</strong></span> <span class='ocrx_word' id='word_1_49' title='bbox 1045 1143 1404 1228; x_wconf 92' lang='lat' dir='ltr'><strong>dampnum</strong></span> <span class='ocrx_word' id='word_1_50' title='bbox 1448 1152 1515 1208; x_wconf 89' lang='lat' dir='ltr'><strong>et</strong></span> <span class='ocrx_word' id='word_1_51' title='bbox 1543 1144 2013 1228; x_wconf 79' lang='lat' dir='ltr'><strong>praejudicium,</strong></span> <span class='ocrx_word' id='word_1_52' title='bbox 2043 1153 2109 1210; x_wconf 85' lang='lat' dir='ltr'><strong>et</strong></span> <span class='ocrx_word' id='word_1_53' title='bbox 2139 1147 2497 1212; x_wconf 90' lang='lat' dir='ltr'><strong>incolarum</strong></span> <span class='ocrx_word' id='word_1_54' title='bbox 2539 1148 2714 1213; x_wconf 79' lang='lat' dir='ltr'><strong>villae</strong></span> 
     </span>
     <span class='ocr_line' id='line_1_7' title="bbox 429 1242 2712 1328; baseline 0.003 -21"><span class='ocrx_word' id='word_1_55' title='bbox 429 1243 768 1325; x_wconf 86' lang='lat' dir='ltr'><strong>praedictae,</strong></span> <span class='ocrx_word' id='word_1_56' title='bbox 798 1243 913 1328; x_wconf 94' lang='lat' dir='ltr'><strong>qui</strong></span> <span class='ocrx_word' id='word_1_57' title='bbox 956 1263 1073 1328; x_wconf 87' lang='lat' dir='ltr'><strong>per</strong></span> <span class='ocrx_word' id='word_1_58' title='bbox 1116 1243 1499 1308; x_wconf 79' lang='lat' dir='ltr'><strong>exercitium</strong></span> <span class='ocrx_word' id='word_1_59' title='bbox 1544 1242 1767 1309; x_wconf 89' lang='lat' dir='ltr'><strong>allecis</strong></span> <span class='ocrx_word' id='word_1_60' title='bbox 1797 1246 2078 1310; x_wconf 83' lang='lat' dir='ltr'><strong>maxime</strong></span> <span class='ocrx_word' id='word_1_61' title='bbox 2107 1245 2344 1311; x_wconf 84' lang='lat' dir='ltr'><strong>vivunt</strong></span> <span class='ocrx_word' id='word_1_62' title='bbox 2372 1254 2440 1312; x_wconf 86' lang='lat' dir='ltr'><strong>et</strong></span> <span class='ocrx_word' id='word_1_63' title='bbox 2469 1255 2712 1313; x_wconf 87' lang='lat' dir='ltr'><strong>statum</strong></span> 
     </span>
     <span class='ocr_line' id='line_1_8' title="bbox 428 1342 2715 1429; baseline 0.003 -24"><span class='ocrx_word' id='word_1_64' title='bbox 428 1362 621 1406; x_wconf 89' lang='lat' dir='ltr'><strong>suum</strong></span> <span class='ocrx_word' id='word_1_65' title='bbox 664 1343 1050 1409; x_wconf 86' lang='lat' dir='ltr'><strong>mediocrem</strong></span> <span class='ocrx_word' id='word_1_66' title='bbox 1093 1342 1409 1408; x_wconf 89' lang='lat' dir='ltr'><strong>hactenus</strong></span> <span class='ocrx_word' id='word_1_67' title='bbox 1468 1351 1952 1429; x_wconf 77' lang='lat' dir='ltr'><strong>supportarunt,</strong></span> <span class='ocrx_word' id='word_1_68' title='bbox 1995 1346 2415 1413; x_wconf 85' lang='lat' dir='ltr'><strong>verisimilem</strong></span> <span class='ocrx_word' id='word_1_69' title='bbox 2459 1348 2715 1413; x_wconf 91' lang='lat' dir='ltr'><strong>distric-</strong></span> 
     </span>
     <span class='ocr_line' id='line_1_9' title="bbox 428 1441 2714 1528; baseline 0.004 -24"><span class='ocrx_word' id='word_1_70' title='bbox 428 1441 675 1506; x_wconf 91' lang='lat' dir='ltr'><strong>tionem</strong></span> <span class='ocrx_word' id='word_1_71' title='bbox 721 1442 1124 1527; x_wconf 91' lang='lat' dir='ltr'><strong>aliorumque</strong></span> <span class='ocrx_word' id='word_1_72' title='bbox 1166 1442 1482 1527; x_wconf 88' lang='lat' dir='ltr'><strong>ligeorum</strong></span> <span class='ocrx_word' id='word_1_73' title='bbox 1525 1444 1708 1528; x_wconf 88' lang='lat' dir='ltr'><strong>regni</strong></span> <span class='ocrx_word' id='word_1_74' title='bbox 1751 1445 1974 1522; x_wconf 90' lang='lat' dir='ltr'><strong>nostri,</strong></span> <span class='ocrx_word' id='word_1_75' title='bbox 2019 1445 2267 1510; x_wconf 88' lang='lat' dir='ltr'><strong>ratione</strong></span> <span class='ocrx_word' id='word_1_76' title='bbox 2310 1446 2714 1513; x_wconf 82' lang='lat' dir='ltr'><strong>vehementis</strong></span> 
     </span>
     <span class='ocr_line' id='line_1_10' title="bbox 428 1540 2711 1630; baseline 0.003 -25"><span class='ocrx_word' id='word_1_77' title='bbox 428 1540 704 1606; x_wconf 83' lang='lat' dir='ltr'><strong>caristiae</strong></span> <span class='ocrx_word' id='word_1_78' title='bbox 746 1541 969 1606; x_wconf 84' lang='lat' dir='ltr'><strong>allecis</strong></span> <span class='ocrx_word' id='word_1_79' title='bbox 1014 1541 1345 1606; x_wconf 83' lang='lat' dir='ltr'><strong>occasione</strong></span> <span class='ocrx_word' id='word_1_80' title='bbox 1388 1542 1700 1626; x_wconf 83' lang='lat' dir='ltr'><strong>praedicta</strong></span> <span class='ocrx_word' id='word_1_81' title='bbox 1743 1544 2197 1629; x_wconf 84' lang='lat' dir='ltr'><strong>contingentis,</strong></span> <span class='ocrx_word' id='word_1_82' title='bbox 2227 1566 2301 1610; x_wconf 89' lang='lat' dir='ltr'><strong>ac</strong></span> <span class='ocrx_word' id='word_1_83' title='bbox 2340 1547 2711 1630; x_wconf 85' lang='lat' dir='ltr'><strong>reipublicae</strong></span> 
     </span>
     <span class='ocr_line' id='line_1_11' title="bbox 428 1640 2711 1731; baseline 0.003 -26"><span class='ocrx_word' id='word_1_84' title='bbox 428 1640 841 1724; x_wconf 82' lang='lat' dir='ltr'><strong>dispendium</strong></span> <span class='ocrx_word' id='word_1_85' title='bbox 907 1642 1328 1706; x_wconf 86' lang='lat' dir='ltr'><strong>manifestum</strong></span> <span class='ocrx_word' id='word_1_86' title='bbox 1352 1643 1616 1720; x_wconf 74' lang='lat' dir='ltr'><strong>z—Nos,</strong></span> <span class='ocrx_word' id='word_1_87' title='bbox 1676 1642 1967 1708; x_wconf 86' lang='lat' dir='ltr'><strong>volentes</strong></span> <span class='ocrx_word' id='word_1_88' title='bbox 2031 1643 2409 1728; x_wconf 87' lang='lat' dir='ltr'><strong>hujusmodi</strong></span> <span class='ocrx_word' id='word_1_89' title='bbox 2476 1648 2711 1731; x_wconf 75' lang='lat' dir='ltr'><strong>praeju-</strong></span> 
     </span>
    </p>
   </div>
   <div class='ocr_carea' id='block_1_3' title="bbox 430 1738 2816 1826">
    <p class='ocr_par' dir='ltr' id='par_1_3' title="bbox 430 1738 2816 1826">
     <span class='ocr_line' id='line_1_12' title="bbox 430 1738 2816 1826; baseline 0.003 -23"><span class='ocrx_word' id='word_1_90' title='bbox 430 1738 636 1817; x_wconf 91' lang='lat' dir='ltr'><strong>diciis,</strong></span> <span class='ocrx_word' id='word_1_91' title='bbox 680 1740 981 1823; x_wconf 89' lang='lat' dir='ltr'><strong>dampnis</strong></span> <span class='ocrx_word' id='word_1_92' title='bbox 1033 1744 1100 1805; x_wconf 90' lang='lat' dir='ltr'><strong>et</strong></span> <span class='ocrx_word' id='word_1_93' title='bbox 1150 1740 1511 1824; x_wconf 88' lang='lat' dir='ltr'><strong>dispendiis</strong></span> <span class='ocrx_word' id='word_1_94' title='bbox 1561 1742 1846 1807; x_wconf 88' lang='lat' dir='ltr'><strong>remedio</strong></span> <span class='ocrx_word' id='word_1_95' title='bbox 1897 1763 2028 1826; x_wconf 90' lang='lat' dir='ltr'><strong>quo</strong></span> <span class='ocrx_word' id='word_1_96' title='bbox 2078 1744 2385 1809; x_wconf 81' lang='lat' dir='ltr'><strong>convenit</strong></span> <span class='ocrx_word' id='word_1_97' title='bbox 2434 1746 2713 1823; x_wconf 86' lang='lat' dir='ltr'><strong>obviare,</strong></span> <span class='ocrx_word' id='word_1_98' title='bbox 2810 1767 2816 1778; x_wconf 72' lang='grc'><strong><em>’</em></strong></span> 
     </span>
    </p>
   </div>
   <div class='ocr_carea' id='block_1_4' title="bbox 426 1839 2711 3218">
    <p class='ocr_par' dir='ltr' id='par_1_4' title="bbox 426 1839 2711 3218">
     <span class='ocr_line' id='line_1_13' title="bbox 428 1839 2709 1928; baseline 0.002 -24"><span class='ocrx_word' id='word_1_99' title='bbox 428 1840 613 1904; x_wconf 83' lang='lat' dir='ltr'><strong>vobis</strong></span> <span class='ocrx_word' id='word_1_100' title='bbox 663 1839 1047 1904; x_wconf 88' lang='lat' dir='ltr'><strong>mandamus</strong></span> <span class='ocrx_word' id='word_1_101' title='bbox 1107 1840 1281 1923; x_wconf 92' lang='lat' dir='ltr'><strong>quod</strong></span> <span class='ocrx_word' id='word_1_102' title='bbox 1341 1839 1714 1924; x_wconf 89' lang='lat' dir='ltr'><strong>hujusmodi</strong></span> <span class='ocrx_word' id='word_1_103' title='bbox 1772 1847 2112 1907; x_wconf 87' lang='lat' dir='ltr'><strong>extraneos</strong></span> <span class='ocrx_word' id='word_1_104' title='bbox 2173 1850 2240 1907; x_wconf 87' lang='lat' dir='ltr'><strong>et</strong></span> <span class='ocrx_word' id='word_1_105' title='bbox 2298 1843 2709 1928; x_wconf 87' lang='lat' dir='ltr'><strong>alienigenas,</strong></span> 
     </span>
     <span class='ocr_line' id='line_1_14' title="bbox 426 1938 2711 2027; baseline 0.002 -25"><span class='ocrx_word' id='word_1_106' title='bbox 426 1938 602 2003; x_wconf 86' lang='lat' dir='ltr'><strong>intra</strong></span> <span class='ocrx_word' id='word_1_107' title='bbox 622 1939 849 2004; x_wconf 87' lang='lat' dir='ltr'><strong>villam</strong></span> <span class='ocrx_word' id='word_1_108' title='bbox 880 1938 1075 2022; x_wconf 88' lang='lat' dir='ltr'><strong>praed.</strong></span> <span class='ocrx_word' id='word_1_109' title='bbox 1107 1959 1354 2003; x_wconf 92' lang='lat' dir='ltr'><strong>moram</strong></span> <span class='ocrx_word' id='word_1_110' title='bbox 1399 1939 1777 2005; x_wconf 89' lang='lat' dir='ltr'><strong>continuam</strong></span> <span class='ocrx_word' id='word_1_111' title='bbox 1822 1961 1953 2004; x_wconf 92' lang='lat' dir='ltr'><strong>non</strong></span> <span class='ocrx_word' id='word_1_112' title='bbox 2000 1942 2330 2018; x_wconf 88' lang='lat' dir='ltr'><strong>facientes,</strong></span> <span class='ocrx_word' id='word_1_113' title='bbox 2360 1942 2523 2007; x_wconf 87' lang='lat' dir='ltr'><strong>allec</strong></span> <span class='ocrx_word' id='word_1_114' title='bbox 2552 1964 2711 2027; x_wconf 84' lang='lat' dir='ltr'><strong>prae-</strong></span> 
     </span>
     <span class='ocr_line' id='line_1_15' title="bbox 428 2038 2711 2123; baseline 0.001 -20"><span class='ocrx_word' id='word_1_115' title='bbox 428 2038 680 2103; x_wconf 86' lang='lat' dir='ltr'><strong>dictum</strong></span> <span class='ocrx_word' id='word_1_116' title='bbox 701 2040 784 2103; x_wconf 92' lang='lat' dir='ltr'><strong>ab</strong></span> <span class='ocrx_word' id='word_1_117' title='bbox 812 2038 966 2103; x_wconf 90' lang='lat' dir='ltr'><strong>inde</strong></span> <span class='ocrx_word' id='word_1_118' title='bbox 989 2059 1211 2104; x_wconf 84' lang='lat' dir='ltr'><strong>versus</strong></span> <span class='ocrx_word' id='word_1_119' title='bbox 1235 2039 1489 2122; x_wconf 87' lang='lat' dir='ltr'><strong>aliquas</strong></span> <span class='ocrx_word' id='word_1_120' title='bbox 1511 2044 1728 2123; x_wconf 86' lang='lat' dir='ltr'><strong>partes</strong></span> <span class='ocrx_word' id='word_1_121' title='bbox 1752 2045 2002 2104; x_wconf 87' lang='lat' dir='ltr'><strong>exteras</strong></span> <span class='ocrx_word' id='word_1_122' title='bbox 2025 2040 2106 2105; x_wconf 89' lang='lat' dir='ltr'><strong>de</strong></span> <span class='ocrx_word' id='word_1_123' title='bbox 2129 2045 2356 2105; x_wconf 82' lang='lat' dir='ltr'><strong>coetero</strong></span> <span class='ocrx_word' id='word_1_124' title='bbox 2378 2042 2711 2106; x_wconf 87' lang='lat' dir='ltr'><strong>traducere</strong></span> 
     </span>
     <span class='ocr_line' id='line_1_16' title="bbox 427 2137 2706 2223; baseline 0.001 -22"><span class='ocrx_word' id='word_1_125' title='bbox 427 2137 694 2202; x_wconf 90' lang='lat' dir='ltr'><strong>minime</strong></span> <span class='ocrx_word' id='word_1_126' title='bbox 743 2137 1153 2223; x_wconf 87' lang='lat' dir='ltr'><strong>permittatis,</strong></span> <span class='ocrx_word' id='word_1_127' title='bbox 1201 2158 1538 2222; x_wconf 89' lang='lat' dir='ltr'><strong>quousque</strong></span> <span class='ocrx_word' id='word_1_128' title='bbox 1597 2137 1679 2202; x_wconf 92' lang='lat' dir='ltr'><strong>de</strong></span> <span class='ocrx_word' id='word_1_129' title='bbox 1725 2137 2128 2202; x_wconf 88' lang='lat' dir='ltr'><strong>avisamento</strong></span> <span class='ocrx_word' id='word_1_130' title='bbox 2179 2138 2441 2202; x_wconf 91' lang='lat' dir='ltr'><strong>concilii</strong></span> <span class='ocrx_word' id='word_1_131' title='bbox 2500 2140 2706 2204; x_wconf 91' lang='lat' dir='ltr'><strong>nostri</strong></span> 
     </span>
     <span class='ocr_line' id='line_1_17' title="bbox 428 2236 2706 2321; baseline -0 -19"><span class='ocrx_word' id='word_1_132' title='bbox 428 2237 619 2303; x_wconf 86' lang='lat' dir='ltr'><strong>aliter</strong></span> <span class='ocrx_word' id='word_1_133' title='bbox 668 2238 1043 2303; x_wconf 87' lang='lat' dir='ltr'><strong>duxerimus</strong></span> <span class='ocrx_word' id='word_1_134' title='bbox 1098 2236 1636 2302; x_wconf 88' lang='lat' dir='ltr'><strong>demandandum.</strong></span> <span class='ocrx_word' id='word_1_135' title='bbox 1727 2237 1817 2301; x_wconf 89' lang='lat' dir='ltr'><strong>Et</strong></span> <span class='ocrx_word' id='word_1_136' title='bbox 1860 2236 2016 2321; x_wconf 91' lang='lat' dir='ltr'><strong>quia</strong></span> <span class='ocrx_word' id='word_1_137' title='bbox 2057 2238 2390 2321; x_wconf 87' lang='lat' dir='ltr'><strong>praemissa</strong></span> <span class='ocrx_word' id='word_1_138' title='bbox 2423 2237 2505 2301; x_wconf 85' lang='lat' dir='ltr'><strong>ad</strong></span> <span class='ocrx_word' id='word_1_139' title='bbox 2536 2238 2706 2302; x_wconf 91' lang='lat' dir='ltr'><strong>noti-</strong></span> 
     </span>
     <span class='ocr_line' id='line_1_18' title="bbox 427 2336 2705 2422; baseline 0 -21"><span class='ocrx_word' id='word_1_140' title='bbox 427 2337 590 2402; x_wconf 86' lang='lat' dir='ltr'><strong>tiam</strong></span> <span class='ocrx_word' id='word_1_141' title='bbox 649 2338 942 2402; x_wconf 89' lang='lat' dir='ltr'><strong>omnium</strong></span> <span class='ocrx_word' id='word_1_142' title='bbox 1000 2343 1067 2402; x_wconf 90' lang='lat' dir='ltr'><strong>et</strong></span> <span class='ocrx_word' id='word_1_143' title='bbox 1117 2336 1518 2422; x_wconf 86' lang='lat' dir='ltr'><strong>singulorum</strong></span> <span class='ocrx_word' id='word_1_144' title='bbox 1579 2343 2032 2401; x_wconf 88' lang='lat' dir='ltr'><strong>extraneorum</strong></span> <span class='ocrx_word' id='word_1_145' title='bbox 2082 2342 2150 2402; x_wconf 87' lang='lat' dir='ltr'><strong>et</strong></span> <span class='ocrx_word' id='word_1_146' title='bbox 2200 2337 2705 2421; x_wconf 86' lang='lat' dir='ltr'><strong>alienigenarum</strong></span> 
     </span>
     <span class='ocr_line' id='line_1_19' title="bbox 427 2435 2706 2521; baseline -0.001 -20"><span class='ocrx_word' id='word_1_147' title='bbox 427 2436 881 2521; x_wconf 78' lang='lat' dir='ltr'><strong>praedictorum</strong></span> <span class='ocrx_word' id='word_1_148' title='bbox 910 2437 983 2501; x_wconf 90' lang='lat' dir='ltr'><strong>in</strong></span> <span class='ocrx_word' id='word_1_149' title='bbox 1011 2437 1169 2501; x_wconf 89' lang='lat' dir='ltr'><strong>villa</strong></span> <span class='ocrx_word' id='word_1_150' title='bbox 1196 2436 1506 2521; x_wconf 78' lang='lat' dir='ltr'><strong>praedicta</strong></span> <span class='ocrx_word' id='word_1_151' title='bbox 1526 2436 1667 2519; x_wconf 88' lang='lat' dir='ltr'><strong>jam</strong></span> <span class='ocrx_word' id='word_1_152' title='bbox 1704 2437 2145 2514; x_wconf 88' lang='lat' dir='ltr'><strong>existentium,</strong></span> <span class='ocrx_word' id='word_1_153' title='bbox 2176 2457 2289 2502; x_wconf 92' lang='lat' dir='ltr'><strong>seu</strong></span> <span class='ocrx_word' id='word_1_154' title='bbox 2321 2436 2405 2501; x_wconf 91' lang='lat' dir='ltr'><strong>ad</strong></span> <span class='ocrx_word' id='word_1_155' title='bbox 2434 2435 2706 2501; x_wconf 89' lang='lat' dir='ltr'><strong>eandem</strong></span> 
     </span>
     <span class='ocr_line' id='line_1_20' title="bbox 429 2534 2707 2621; baseline -0.001 -20"><span class='ocrx_word' id='word_1_156' title='bbox 429 2556 510 2601; x_wconf 83' lang='lat' dir='ltr'><strong>ex</strong></span> <span class='ocrx_word' id='word_1_157' title='bbox 561 2556 755 2602; x_wconf 87' lang='lat' dir='ltr'><strong>causa</strong></span> <span class='ocrx_word' id='word_1_158' title='bbox 796 2536 1126 2621; x_wconf 79' lang='lat' dir='ltr'><strong>praemissa</strong></span> <span class='ocrx_word' id='word_1_159' title='bbox 1170 2535 1250 2600; x_wconf 88' lang='lat' dir='ltr'><strong>de</strong></span> <span class='ocrx_word' id='word_1_160' title='bbox 1302 2542 1530 2601; x_wconf 81' lang='lat' dir='ltr'><strong>caetero</strong></span> <span class='ocrx_word' id='word_1_161' title='bbox 1583 2534 2066 2614; x_wconf 89' lang='lat' dir='ltr'><strong>confluentium,</strong></span> <span class='ocrx_word' id='word_1_162' title='bbox 2119 2535 2353 2601; x_wconf 90' lang='lat' dir='ltr'><strong>deduci</strong></span> <span class='ocrx_word' id='word_1_163' title='bbox 2404 2534 2707 2600; x_wconf 85' lang='lat' dir='ltr'><strong>volumus</strong></span> 
     </span>
     <span class='ocr_line' id='line_1_21' title="bbox 430 2635 2709 2721; baseline -0 -21"><span class='ocrx_word' id='word_1_164' title='bbox 430 2636 828 2713; x_wconf 89' lang='lat' dir='ltr'><strong>festinanter,</strong></span> <span class='ocrx_word' id='word_1_165' title='bbox 886 2636 1071 2701; x_wconf 84' lang='lat' dir='ltr'><strong>vobis</strong></span> <span class='ocrx_word' id='word_1_166' title='bbox 1138 2635 1407 2719; x_wconf 88' lang='lat' dir='ltr'><strong>insuper</strong></span> <span class='ocrx_word' id='word_1_167' title='bbox 1472 2636 1874 2721; x_wconf 89' lang='lat' dir='ltr'><strong>injungimus</strong></span> <span class='ocrx_word' id='word_1_168' title='bbox 1941 2643 2009 2701; x_wconf 90' lang='lat' dir='ltr'><strong>et</strong></span> <span class='ocrx_word' id='word_1_169' title='bbox 2065 2636 2449 2700; x_wconf 89' lang='lat' dir='ltr'><strong>mandamus</strong></span> <span class='ocrx_word' id='word_1_170' title='bbox 2515 2635 2709 2719; x_wconf 89' lang='lat' dir='ltr'><strong>quod,</strong></span> 
     </span>
     <span class='ocr_line' id='line_1_22' title="bbox 430 2734 2706 2819; baseline -0.001 -18"><span class='ocrx_word' id='word_1_171' title='bbox 430 2735 604 2801; x_wconf 89' lang='lat' dir='ltr'><strong>omni</strong></span> <span class='ocrx_word' id='word_1_172' title='bbox 651 2734 965 2800; x_wconf 89' lang='lat' dir='ltr'><strong>dilatione</strong></span> <span class='ocrx_word' id='word_1_173' title='bbox 1008 2736 1370 2819; x_wconf 86' lang='lat' dir='ltr'><strong>postposita</strong></span> <span class='ocrx_word' id='word_1_174' title='bbox 1410 2741 1794 2819; x_wconf 82' lang='lat' dir='ltr'><strong>praesentem</strong></span> <span class='ocrx_word' id='word_1_175' title='bbox 1837 2736 2269 2802; x_wconf 85' lang='lat' dir='ltr'><strong>intentionem</strong></span> <span class='ocrx_word' id='word_1_176' title='bbox 2314 2741 2601 2800; x_wconf 86' lang='lat' dir='ltr'><strong>nostram</strong></span> <span class='ocrx_word' id='word_1_177' title='bbox 2635 2735 2706 2798; x_wconf 94' lang='lat' dir='ltr'><strong>in</strong></span> 
     </span>
     <span class='ocr_line' id='line_1_23' title="bbox 428 2834 2705 2919; baseline -0.001 -20"><span class='ocrx_word' id='word_1_178' title='bbox 428 2835 704 2919; x_wconf 87' lang='lat' dir='ltr'><strong>singulis</strong></span> <span class='ocrx_word' id='word_1_179' title='bbox 760 2834 921 2899; x_wconf 90' lang='lat' dir='ltr'><strong>locis</strong></span> <span class='ocrx_word' id='word_1_180' title='bbox 972 2834 1149 2899; x_wconf 85' lang='lat' dir='ltr'><strong>villae</strong></span> <span class='ocrx_word' id='word_1_181' title='bbox 1206 2834 1417 2918; x_wconf 86' lang='lat' dir='ltr'><strong>praed.,</strong></span> <span class='ocrx_word' id='word_1_182' title='bbox 1476 2834 1591 2898; x_wconf 91' lang='lat' dir='ltr'><strong>ubi</strong></span> <span class='ocrx_word' id='word_1_183' title='bbox 1651 2835 2000 2918; x_wconf 83' lang='lat' dir='ltr'><strong>expediens</strong></span> <span class='ocrx_word' id='word_1_184' title='bbox 2051 2835 2250 2900; x_wconf 88' lang='lat' dir='ltr'><strong>fuerit</strong></span> <span class='ocrx_word' id='word_1_185' title='bbox 2300 2840 2367 2900; x_wconf 88' lang='lat' dir='ltr'><strong>et</strong></span> <span class='ocrx_word' id='word_1_186' title='bbox 2425 2854 2705 2910; x_wconf 91' lang='lat' dir='ltr'><strong>necesse,</strong></span> 
     </span>
     <span class='ocr_line' id='line_1_24' title="bbox 428 2932 2706 3018; baseline 0 -21"><span class='ocrx_word' id='word_1_187' title='bbox 428 2933 687 3018; x_wconf 89' lang='lat' dir='ltr'><strong>publice</strong></span> <span class='ocrx_word' id='word_1_188' title='bbox 717 2932 1096 3016; x_wconf 86' lang='lat' dir='ltr'><strong>proclamari</strong></span> <span class='ocrx_word' id='word_1_189' title='bbox 1140 2937 1207 2998; x_wconf 92' lang='lat' dir='ltr'><strong>et</strong></span> <span class='ocrx_word' id='word_1_190' title='bbox 1237 2932 1553 2997; x_wconf 86' lang='lat' dir='ltr'><strong>notificari</strong></span> <span class='ocrx_word' id='word_1_191' title='bbox 1596 2933 1868 3010; x_wconf 85' lang='lat' dir='ltr'><strong>faciatis,</strong></span> <span class='ocrx_word' id='word_1_192' title='bbox 1898 2940 1965 2997; x_wconf 87' lang='lat' dir='ltr'><strong>et</strong></span> <span class='ocrx_word' id='word_1_193' title='bbox 1992 2932 2115 2997; x_wconf 90' lang='lat' dir='ltr'><strong>hoc</strong></span> <span class='ocrx_word' id='word_1_194' title='bbox 2160 2934 2282 2997; x_wconf 89' lang='lat' dir='ltr'><strong>sub</strong></span> <span class='ocrx_word' id='word_1_195' title='bbox 2326 2933 2706 2997; x_wconf 87' lang='lat' dir='ltr'><strong>incumben-</strong></span> 
     </span>
     <span class='ocr_line' id='line_1_25' title="bbox 426 3031 2704 3118; baseline -0.001 -20"><span class='ocrx_word' id='word_1_196' title='bbox 426 3033 605 3098; x_wconf 88' lang='lat' dir='ltr'><strong>tibus</strong></span> <span class='ocrx_word' id='word_1_197' title='bbox 648 3032 953 3116; x_wconf 88' lang='lat' dir='ltr'><strong>periculis</strong></span> <span class='ocrx_word' id='word_1_198' title='bbox 997 3031 1372 3097; x_wconf 87' lang='lat' dir='ltr'><strong>nullatenus</strong></span> <span class='ocrx_word' id='word_1_199' title='bbox 1414 3032 1753 3097; x_wconf 78' lang='lat' dir='ltr'><strong>omittatis,</strong></span> <span class='ocrx_word' id='word_1_200' title='bbox 1839 3032 2030 3098; x_wconf 86' lang='lat' dir='ltr'><strong>Teste</strong></span> <span class='ocrx_word' id='word_1_201' title='bbox 2074 3032 2266 3118; x_wconf 87' lang='lat' dir='ltr'><strong>Rege,</strong></span> <span class='ocrx_word' id='word_1_202' title='bbox 2296 3032 2470 3117; x_wconf 87' lang='lat' dir='ltr'><strong>apud</strong></span> <span class='ocrx_word' id='word_1_203' title='bbox 2501 3033 2704 3097; x_wconf 89' lang='lat' dir='ltr'><strong>Here·</strong></span> 
     </span>
     <span class='ocr_line' id='line_1_26' title="bbox 427 3131 1506 3218; baseline -0.002 -22"><span class='ocrx_word' id='word_1_204' title='bbox 427 3132 588 3210; x_wconf 87' lang='lat' dir='ltr'><strong>ford,</strong></span> <span class='ocrx_word' id='word_1_205' title='bbox 618 3133 779 3196; x_wconf 89' lang='lat' dir='ltr'><strong>xxix</strong></span> <span class='ocrx_word' id='word_1_206' title='bbox 809 3131 916 3197; x_wconf 92' lang='lat' dir='ltr'><strong>die</strong></span> <span class='ocrx_word' id='word_1_207' title='bbox 945 3131 1227 3218; x_wconf 83' lang='lat' dir='ltr'><strong>Augusti</strong></span> <span class='ocrx_word' id='word_1_208' title='bbox 1260 3131 1506 3216; x_wconf 65' lang='lat'>[1394]</span> 
     </span>
    </p>
   </div>
   <div class='ocr_carea' id='block_1_5' title="bbox 524 3376 2616 3564">
    <p class='ocr_par' dir='ltr' id='par_1_5' title="bbox 524 3376 2616 3564">
     <span class='ocr_line' id='line_1_27' title="bbox 524 3376 2616 3465; baseline -0.001 -20"><span class='ocrx_word' id='word_1_209' title='bbox 524 3380 900 3447; x_wconf 87' lang='lat' dir='ltr'><strong>DCXXVI.</strong></span> <span class='ocrx_word' id='word_1_210' title='bbox 946 3380 1241 3465; x_wconf 76' lang='lat' dir='ltr'><strong>(Hardyt</strong></span> <span class='ocrx_word' id='word_1_211' title='bbox 1290 3380 1432 3444; x_wconf 89' lang='lat' dir='ltr'><strong>Rot.</strong></span> <span class='ocrx_word' id='word_1_212' title='bbox 1466 3379 1545 3443; x_wconf 92' lang='lat' dir='ltr'><strong>de</strong></span> <span class='ocrx_word' id='word_1_213' title='bbox 1575 3376 1810 3442; x_wconf 86' lang='lat' dir='ltr'><strong>oblatis</strong></span> <span class='ocrx_word' id='word_1_214' title='bbox 1840 3382 1906 3442; x_wconf 89' lang='lat' dir='ltr'><strong>et</strong></span> <span class='ocrx_word' id='word_1_215' title='bbox 1934 3377 2192 3455; x_wconf 86' lang='lat' dir='ltr'><strong>finibus,</strong></span> <span class='ocrx_word' id='word_1_216' title='bbox 2227 3382 2616 3444; x_wconf 83' lang='lat'><strong>1199-1216.</strong></span> 
     </span>
     <span class='ocr_line' id='line_1_28' title="bbox 1093 3477 2039 3564; baseline -0.005 -19"><span class='ocrx_word' id='word_1_217' title='bbox 1093 3501 1154 3564; x_wconf 93' lang='lat' dir='ltr'><strong>p.</strong></span> <span class='ocrx_word' id='word_1_218' title='bbox 1191 3486 1291 3545; x_wconf 84' lang='lat'><strong>24.</strong></span> <span class='ocrx_word' id='word_1_219' title='bbox 1377 3481 1468 3544; x_wconf 63' lang='grc' dir='ltr'><strong>ΑΟ</strong></span> <span class='ocrx_word' id='word_1_220' title='bbox 1503 3484 1532 3542; x_wconf 95' lang='lat'>1</span> <span class='ocrx_word' id='word_1_221' title='bbox 1569 3477 1722 3544; x_wconf 82' lang='lat' dir='ltr'><strong>Joh.</strong></span> <span class='ocrx_word' id='word_1_222' title='bbox 1758 3478 2039 3562; x_wconf 86' lang='lat'><strong>[1199].)</strong></span> 
     </span>
    </p>
   </div>
   <div class='ocr_carea' id='block_1_6' title="bbox 426 3612 2705 3801">
    <p class='ocr_par' dir='ltr' id='par_1_6' title="bbox 426 3612 2705 3801">
     <span class='ocr_line' id='line_1_29' title="bbox 513 3612 2705 3683; baseline -0.001 -2"><span class='ocrx_word' id='word_1_223' title='bbox 513 3617 1161 3683; x_wconf 65' lang='lat' dir='ltr'><strong>Ebot—willelmus</strong></span> <span class='ocrx_word' id='word_1_224' title='bbox 1195 3617 1483 3683; x_wconf 89' lang='lat' dir='ltr'><strong>Clericus</strong></span> <span class='ocrx_word' id='word_1_225' title='bbox 1506 3623 1572 3682; x_wconf 87' lang='lat' dir='ltr'><strong>et</strong></span> <span class='ocrx_word' id='word_1_226' title='bbox 1596 3615 1917 3681; x_wconf 84' lang='lat' dir='ltr'><strong>Radulfus</strong></span> <span class='ocrx_word' id='word_1_227' title='bbox 1941 3615 2027 3680; x_wconf 90' lang='lat' dir='ltr'><strong>fil.</strong></span> <span class='ocrx_word' id='word_1_228' title='bbox 2061 3615 2325 3681; x_wconf 79' lang='lat' dir='ltr'><strong>Sundef‘</strong></span> <span class='ocrx_word' id='word_1_229' title='bbox 2334 3612 2362 3654; x_wconf 83' lang='lat'>⁸</span> <span class='ocrx_word' id='word_1_230' title='bbox 2384 3620 2451 3680; x_wconf 91' lang='lat' dir='ltr'><strong>et</strong></span> <span class='ocrx_word' id='word_1_231' title='bbox 2481 3614 2705 3680; x_wconf 91' lang='lat' dir='ltr'><strong>Simon</strong></span> 
     </span>
     <span class='ocr_line' id='line_1_30' title="bbox 426 3716 2703 3801; baseline -0.001 -21"><span class='ocrx_word' id='word_1_232' title='bbox 426 3716 507 3780; x_wconf 91' lang='lat' dir='ltr'><strong>de</strong></span> <span class='ocrx_word' id='word_1_233' title='bbox 559 3716 883 3781; x_wconf 80' lang='lat' dir='ltr'><strong>Giseburn</strong></span> <span class='ocrx_word' id='word_1_234' title='bbox 901 3717 928 3756; x_wconf 82' lang='lat'><strong>⁴</strong></span> <span class='ocrx_word' id='word_1_235' title='bbox 978 3716 1138 3780; x_wconf 86' lang='lat' dir='ltr'><strong>dant</strong></span> <span class='ocrx_word' id='word_1_236' title='bbox 1182 3716 1353 3780; x_wconf 91' lang='lat' dir='ltr'><strong>D&#39;no</strong></span> <span class='ocrx_word' id='word_1_237' title='bbox 1402 3716 1563 3801; x_wconf 87' lang='lat' dir='ltr'><strong>Regi</strong></span> <span class='ocrx_word' id='word_1_238' title='bbox 1614 3720 1847 3800; x_wconf 88' lang='lat' dir='ltr'><strong>quater</strong></span> <span class='ocrx_word' id='word_1_239' title='bbox 1895 3736 1986 3778; x_wconf 85' lang='lat' dir='ltr'><strong>xx</strong></span> <span class='ocrx_word' id='word_1_240' title='bbox 2032 3734 2296 3792; x_wconf 88' lang='lat' dir='ltr'><strong>marcas,</strong></span> <span class='ocrx_word' id='word_1_241' title='bbox 2346 3734 2462 3797; x_wconf 91' lang='lat' dir='ltr'><strong>pro</strong></span> <span class='ocrx_word' id='word_1_242' title='bbox 2514 3734 2583 3779; x_wconf 93' lang='lat' dir='ltr'><strong>se</strong></span> <span class='ocrx_word' id='word_1_243' title='bbox 2635 3721 2703 3780; x_wconf 88' lang='lat' dir='ltr'><strong>et</strong></span> 
     </span>
    </p>
   </div>
   <div class='ocr_carea' id='block_1_7' title="bbox 423 3875 2703 4613">
    <p class='ocr_par' dir='ltr' id='par_1_7' title="bbox 424 3875 2702 4190">
     <span class='ocr_line' id='line_1_31' title="bbox 497 3875 2702 3945; baseline -0.001 -15"><span class='ocrx_word' id='word_1_244' title='bbox 497 3875 518 3911; x_wconf 88' lang='lat'>¹</span> <span class='ocrx_word' id='word_1_245' title='bbox 557 3878 611 3930; x_wconf 86' lang='lat' dir='ltr'><strong>It</strong></span> <span class='ocrx_word' id='word_1_246' title='bbox 634 3877 681 3930; x_wconf 76' lang='lat' dir='ltr'><strong>is</strong></span> <span class='ocrx_word' id='word_1_247' title='bbox 703 3881 800 3930; x_wconf 87' lang='lat' dir='ltr'><strong>not</strong></span> <span class='ocrx_word' id='word_1_248' title='bbox 823 3894 949 3945; x_wconf 80' lang='lat' dir='ltr'><strong>easy</strong></span> <span class='ocrx_word' id='word_1_249' title='bbox 971 3882 1029 3930; x_wconf 90' lang='lat' dir='ltr'><strong>to</strong></span> <span class='ocrx_word' id='word_1_250' title='bbox 1052 3878 1238 3931; x_wconf 84' lang='lat' dir='ltr'><strong>decide</strong></span> <span class='ocrx_word' id='word_1_251' title='bbox 1260 3878 1408 3931; x_wconf 78' lang='lat' dir='ltr'><strong>what</strong></span> <span class='ocrx_word' id='word_1_252' title='bbox 1434 3881 1465 3907; x_wconf 78' lang='lat'><strong>‘⁴</strong></span> <span class='ocrx_word' id='word_1_253' title='bbox 1485 3880 1544 3931; x_wconf 89' lang='lat' dir='ltr'><strong>in</strong></span> <span class='ocrx_word' id='word_1_254' title='bbox 1579 3877 1784 3945; x_wconf 80' lang='lat' dir='ltr'><strong>copulis</strong></span> <span class='ocrx_word' id='word_1_255' title='bbox 1818 3893 2012 3944; x_wconf 85' lang='lat' dir='ltr'><strong>ponere</strong></span> <span class='ocrx_word' id='word_1_256' title='bbox 2029 3876 2059 3902; x_wconf 87' lang='grc'>”</span> <span class='ocrx_word' id='word_1_257' title='bbox 2083 3894 2209 3944; x_wconf 75' lang='lat' dir='ltr'><strong>may</strong></span> <span class='ocrx_word' id='word_1_258' title='bbox 2232 3892 2385 3928; x_wconf 80' lang='lat' dir='ltr'><strong>mean</strong></span> <span class='ocrx_word' id='word_1_259' title='bbox 2405 3895 2421 3939; x_wconf 87' lang='lat'>;</span> <span class='ocrx_word' id='word_1_260' title='bbox 2457 3875 2559 3928; x_wconf 86' lang='lat' dir='ltr'><strong>but</strong></span> <span class='ocrx_word' id='word_1_261' title='bbox 2581 3893 2702 3944; x_wconf 84' lang='lat' dir='ltr'><strong>pro-</strong></span> 
     </span>
     <span class='ocr_line' id='line_1_32' title="bbox 425 3960 2702 4029; baseline -0.001 -16"><span class='ocrx_word' id='word_1_262' title='bbox 425 3961 589 4028; x_wconf 74' lang='lat' dir='ltr'><strong>bably</strong></span> <span class='ocrx_word' id='word_1_263' title='bbox 611 3961 705 4013; x_wconf 82' lang='lat' dir='ltr'><strong>the</strong></span> <span class='ocrx_word' id='word_1_264' title='bbox 740 3964 932 4027; x_wconf 76' lang='lat' dir='ltr'><strong>oopuzoe</strong></span> <span class='ocrx_word' id='word_1_265' title='bbox 966 3978 1091 4029; x_wconf 73' lang='lat' dir='ltr'><strong>may</strong></span> <span class='ocrx_word' id='word_1_266' title='bbox 1122 3962 1263 4014; x_wconf 74' lang='lat' dir='ltr'><strong>have</strong></span> <span class='ocrx_word' id='word_1_267' title='bbox 1297 3961 1433 4013; x_wconf 82' lang='lat' dir='ltr'><strong>been</strong></span> <span class='ocrx_word' id='word_1_268' title='bbox 1468 3961 1655 4028; x_wconf 80' lang='lat' dir='ltr'><strong>nearly</strong></span> <span class='ocrx_word' id='word_1_269' title='bbox 1689 3978 1752 4012; x_wconf 87' lang='lat' dir='ltr'><strong>or</strong></span> <span class='ocrx_word' id='word_1_270' title='bbox 1785 3961 1938 4028; x_wconf 82' lang='lat' dir='ltr'><strong>quite</strong></span> <span class='ocrx_word' id='word_1_271' title='bbox 1970 3960 2066 4012; x_wconf 85' lang='lat' dir='ltr'><strong>the</strong></span> <span class='ocrx_word' id='word_1_272' title='bbox 2101 3976 2248 4012; x_wconf 78' lang='lat' dir='ltr'><strong>same</strong></span> <span class='ocrx_word' id='word_1_273' title='bbox 2283 3976 2341 4011; x_wconf 77' lang='lat' dir='ltr'><strong>as</strong></span> <span class='ocrx_word' id='word_1_274' title='bbox 2376 3960 2556 4025; x_wconf 70' lang='lat' dir='ltr'><strong>kympa</strong></span> <span class='ocrx_word' id='word_1_275' title='bbox 2595 3964 2702 4023; x_wconf 75' lang='lat' dir='ltr'><strong>(see</strong></span> 
     </span>
     <span class='ocr_line' id='line_1_33' title="bbox 424 4042 2700 4115; baseline -0.001 -18"><span class='ocrx_word' id='word_1_276' title='bbox 424 4062 601 4112; x_wconf 72' lang='lat' dir='ltr'><strong>supra,</strong></span> <span class='ocrx_word' id='word_1_277' title='bbox 626 4061 675 4112; x_wconf 89' lang='lat' dir='ltr'><strong>p.</strong></span> <span class='ocrx_word' id='word_1_278' title='bbox 704 4047 826 4108; x_wconf 79' lang='lat'><strong>603,</strong></span> <span class='ocrx_word' id='word_1_279' title='bbox 852 4050 981 4097; x_wconf 82' lang='lat' dir='ltr'><strong>note</strong></span> <span class='ocrx_word' id='word_1_280' title='bbox 1005 4048 1077 4115; x_wconf 84' lang='lat'><strong>2),</strong></span> <span class='ocrx_word' id='word_1_281' title='bbox 1103 4046 1211 4097; x_wconf 75' lang='lat' dir='ltr'><strong>and</strong></span> <span class='ocrx_word' id='word_1_282' title='bbox 1234 4045 1328 4098; x_wconf 83' lang='lat' dir='ltr'><strong>the</strong></span> <span class='ocrx_word' id='word_1_283' title='bbox 1350 4045 1500 4096; x_wconf 79' lang='lat' dir='ltr'><strong>word</strong></span> <span class='ocrx_word' id='word_1_284' title='bbox 1534 4044 1681 4097; x_wconf 71' lang='lat' dir='ltr'><strong>itseli</strong></span> <span class='ocrx_word' id='word_1_285' title='bbox 1716 4061 1750 4096; x_wconf 73' lang='lat' dir='ltr'><strong>a</strong></span> <span class='ocrx_word' id='word_1_286' title='bbox 1782 4043 2101 4096; x_wconf 81' lang='lat' dir='ltr'><strong>diminutive</strong></span> <span class='ocrx_word' id='word_1_287' title='bbox 2129 4042 2336 4095; x_wconf 79' lang='lat' dir='ltr'><strong>formed</strong></span> <span class='ocrx_word' id='word_1_288' title='bbox 2360 4042 2499 4094; x_wconf 79' lang='lat' dir='ltr'><strong>from</strong></span> <span class='ocrx_word' id='word_1_289' title='bbox 2533 4059 2700 4112; x_wconf 61' lang='lat' dir='ltr'><strong>compe,</strong></span> 
     </span>
     <span class='ocr_line' id='line_1_34' title="bbox 424 4128 946 4190; baseline 0.006 -11"><span class='ocrx_word' id='word_1_290' title='bbox 424 4143 460 4179; x_wconf 69' lang='lat' dir='ltr'><strong>a</strong></span> <span class='ocrx_word' id='word_1_291' title='bbox 480 4133 593 4190; x_wconf 74' lang='lat' dir='ltr'><strong>vat,</strong></span> <span class='ocrx_word' id='word_1_292' title='bbox 616 4128 735 4190; x_wconf 90' lang='lat' dir='ltr'><strong>tub,</strong></span> <span class='ocrx_word' id='word_1_293' title='bbox 763 4128 946 4182; x_wconf 72' lang='lat' dir='ltr'><strong>ves-el.</strong></span> 
     </span>
    </p>

    <p class='ocr_par' dir='ltr' id='par_1_8' title="bbox 424 4208 2703 4361">
     <span class='ocr_line' id='line_1_35' title="bbox 494 4208 2703 4278; baseline 0 -16"><span class='ocrx_word' id='word_1_294' title='bbox 494 4209 519 4243; x_wconf 79' lang='lat'><strong>¹</strong></span> <span class='ocrx_word' id='word_1_295' title='bbox 551 4210 665 4262; x_wconf 75' lang='lat' dir='ltr'><strong>&#39;rho</strong></span> <span class='ocrx_word' id='word_1_296' title='bbox 701 4211 919 4278; x_wconf 78' lang='lat' dir='ltr'><strong>reading</strong></span> <span class='ocrx_word' id='word_1_297' title='bbox 952 4211 1080 4263; x_wconf 81' lang='lat' dir='ltr'><strong>here</strong></span> <span class='ocrx_word' id='word_1_298' title='bbox 1114 4211 1161 4263; x_wconf 76' lang='lat' dir='ltr'><strong>is</strong></span> <span class='ocrx_word' id='word_1_299' title='bbox 1196 4210 1370 4264; x_wconf 84' lang='lat' dir='ltr'><strong>either</strong></span> <span class='ocrx_word' id='word_1_300' title='bbox 1402 4209 1506 4263; x_wconf 73' lang='lat' dir='ltr'><strong>u’ri</strong></span> <span class='ocrx_word' id='word_1_301' title='bbox 1540 4226 1601 4262; x_wconf 87' lang='grc' dir='ltr'><strong>οι·</strong></span> <span class='ocrx_word' id='word_1_302' title='bbox 1634 4211 1748 4274; x_wconf 76' lang='lat' dir='ltr'><strong>n&#39;ri,</strong></span> <span class='ocrx_word' id='word_1_303' title='bbox 1787 4209 1895 4263; x_wconf 73' lang='lat' dir='ltr'><strong>and</strong></span> <span class='ocrx_word' id='word_1_304' title='bbox 1929 4210 2057 4276; x_wconf 78' lang='lat' dir='ltr'><strong>only</strong></span> <span class='ocrx_word' id='word_1_305' title='bbox 2080 4208 2174 4262; x_wconf 81' lang='lat' dir='ltr'><strong>the</strong></span> <span class='ocrx_word' id='word_1_306' title='bbox 2209 4225 2360 4261; x_wconf 77' lang='lat' dir='ltr'><strong>sense</strong></span> <span class='ocrx_word' id='word_1_307' title='bbox 2397 4225 2494 4261; x_wconf 79' lang='lat' dir='ltr'><strong>can</strong></span> <span class='ocrx_word' id='word_1_308' title='bbox 2519 4209 2703 4263; x_wconf 84' lang='lat' dir='ltr'><strong>decide</strong></span> 
     </span>
     <span class='ocr_line' id='line_1_36' title="bbox 424 4292 1126 4361; baseline 0.006 -17"><span class='ocrx_word' id='word_1_309' title='bbox 424 4292 599 4345; x_wconf 77' lang='lat' dir='ltr'><strong>which</strong></span> <span class='ocrx_word' id='word_1_310' title='bbox 622 4298 769 4345; x_wconf 76' lang='lat' dir='ltr'><strong>must</strong></span> <span class='ocrx_word' id='word_1_311' title='bbox 791 4294 857 4345; x_wconf 84' lang='lat' dir='ltr'><strong>be</strong></span> <span class='ocrx_word' id='word_1_312' title='bbox 881 4293 1126 4361; x_wconf 74' lang='lat' dir='ltr'><strong>adopted.</strong></span> 
     </span>
    </p>

    <p class='ocr_par' dir='ltr' id='par_1_9' title="bbox 423 4374 2701 4530">
     <span class='ocr_line' id='line_1_37' title="bbox 493 4374 2701 4446; baseline 0.002 -18"><span class='ocrx_word' id='word_1_313' title='bbox 493 4375 518 4411; x_wconf 81' lang='lat'>⁸</span> <span class='ocrx_word' id='word_1_314' title='bbox 552 4377 680 4429; x_wconf 75' lang='lat' dir='ltr'><strong>This</strong></span> <span class='ocrx_word' id='word_1_315' title='bbox 703 4395 859 4429; x_wconf 76' lang='lat' dir='ltr'><strong>name</strong></span> <span class='ocrx_word' id='word_1_316' title='bbox 883 4378 937 4429; x_wconf 88' lang='lat' dir='ltr'><strong>in</strong></span> <span class='ocrx_word' id='word_1_317' title='bbox 963 4377 1204 4446; x_wconf 79' lang='lat' dir='ltr'><strong>Young’s</strong></span> <span class='ocrx_word' id='word_1_318' title='bbox 1241 4376 1450 4443; x_wconf 72' lang='lat' dir='ltr'><strong>Whicby,</strong></span> <span class='ocrx_word' id='word_1_319' title='bbox 1475 4392 1524 4443; x_wconf 89' lang='lat' dir='ltr'><strong>p.</strong></span> <span class='ocrx_word' id='word_1_320' title='bbox 1551 4376 1676 4439; x_wconf 81' lang='lat'><strong>477,</strong></span> <span class='ocrx_word' id='word_1_321' title='bbox 1699 4377 1855 4429; x_wconf 74' lang='lat' dir='ltr'><strong>takes</strong></span> <span class='ocrx_word' id='word_1_322' title='bbox 1872 4376 1967 4429; x_wconf 85' lang='lat' dir='ltr'><strong>the</strong></span> <span class='ocrx_word' id='word_1_323' title='bbox 1985 4376 2122 4427; x_wconf 80' lang='lat' dir='ltr'><strong>form</strong></span> <span class='ocrx_word' id='word_1_324' title='bbox 2141 4374 2340 4427; x_wconf 82' lang='lat' dir='ltr'><strong>Sudof:</strong></span> <span class='ocrx_word' id='word_1_325' title='bbox 2379 4375 2514 4429; x_wconf 88' lang='lat' dir='ltr'><strong>both</strong></span> <span class='ocrx_word' id='word_1_326' title='bbox 2538 4376 2701 4432; x_wconf 71' lang='lat' dir='ltr'><strong>form·</strong></span> 
     </span>
     <span class='ocr_line' id='line_1_38' title="bbox 423 4459 2027 4530; baseline 0.001 -17"><span class='ocrx_word' id='word_1_327' title='bbox 423 4479 514 4514; x_wconf 75' lang='lat' dir='ltr'><strong>are</strong></span> <span class='ocrx_word' id='word_1_328' title='bbox 533 4462 674 4513; x_wconf 76' lang='lat' dir='ltr'><strong>alike</strong></span> <span class='ocrx_word' id='word_1_329' title='bbox 695 4478 833 4530; x_wconf 84' lang='lat' dir='ltr'><strong>open</strong></span> <span class='ocrx_word' id='word_1_330' title='bbox 858 4467 917 4514; x_wconf 79' lang='lat' dir='ltr'><strong>to</strong></span> <span class='ocrx_word' id='word_1_331' title='bbox 941 4462 1126 4514; x_wconf 86' lang='lat' dir='ltr'><strong>doubt.</strong></span> <span class='ocrx_word' id='word_1_332' title='bbox 1201 4462 1300 4514; x_wconf 79' lang='lat' dir='ltr'><strong>See</strong></span> <span class='ocrx_word' id='word_1_333' title='bbox 1325 4459 1423 4512; x_wconf 82' lang='lat' dir='ltr'><strong>No.</strong></span> <span class='ocrx_word' id='word_1_334' title='bbox 1452 4462 1576 4525; x_wconf 76' lang='lat'><strong>266,</strong></span> <span class='ocrx_word' id='word_1_335' title='bbox 1602 4461 1705 4513; x_wconf 72' lang='lat' dir='ltr'><strong>and</strong></span> <span class='ocrx_word' id='word_1_336' title='bbox 1732 4464 1859 4517; x_wconf 74' lang='lat' dir='ltr'><strong>note</strong></span> <span class='ocrx_word' id='word_1_337' title='bbox 1881 4464 1941 4512; x_wconf 79' lang='lat' dir='ltr'><strong>to</strong></span> <span class='ocrx_word' id='word_1_338' title='bbox 1967 4460 2027 4515; x_wconf 70' lang='lat' dir='ltr'><strong>it.</strong></span> 
     </span>
    </p>

    <p class='ocr_par' dir='ltr' id='par_1_10' title="bbox 495 4543 1192 4613">
     <span class='ocr_line' id='line_1_39' title="bbox 495 4543 1192 4613; baseline -0.001 -17"><span class='ocrx_word' id='word_1_339' title='bbox 495 4543 519 4578; x_wconf 84' lang='lat'>⁴</span> <span class='ocrx_word' id='word_1_340' title='bbox 555 4544 751 4613; x_wconf 76' lang='lat' dir='ltr'><strong>Young</strong></span> <span class='ocrx_word' id='word_1_341' title='bbox 772 4545 870 4597; x_wconf 69' lang='lat' dir='ltr'><strong>hu</strong></span> <span class='ocrx_word' id='word_1_342' title='bbox 896 4545 1192 4597; x_wconf 71' lang='lat' dir='ltr'><strong>Keseburn.</strong></span> 
     </span>
    </p>
   </div>
  </div>
 </body>
</html>
