3254 5140
603 577 725 636 662
967 587 1520 641 CARTULARIUM
1562 586 1963 638 ABBATHIAE
2002 586 2100 636 DE
2135 585 2509 637 WHITEBY.

674 829 1048 894 Coumssm
1080 847 1170 894 An
1202 844 1656 893 nomenonii
1687 843 2224 892 BENEmcrmNEM
2254 843 2341 890 AB
2372 841 2616 890 Amano
2646 823 2806 888 EP'o

1182 956 1513 1004 concessa
1543 941 1804 1003 Aean-1
1835 955 1921 1002 nn
1951 940 2298 1003 eraBY.

686 1107 1070 1183 Alexander,
1099 1127 1295 1190 perm.
1328 1105 1573 1169 Divina
1603 1103 1910 1169 Ecclesiae
1954 1104 2142 1168 Ebor.
2174 1103 2419 1168 electus
2451 1106 2885 1177 consecratus,

599 1204 834 1270 dilecto
885 1206 1018 1269 filio
1076 1206 1263 1269 fratri
1312 1206 1357 1267 J
1359 1204 1601 1268 ohanni
1648 1205 1727 1268 de
1779 1203 2159 1281 Richmond,
2210 1204 2456 1267 Abbati
2509 1202 2739 1266 Mon'ii
2801 1201 2885 1265 de

601 1305 928 1389 whiteby,
967 1312 1202 1370 nostrae
1253 1305 1432 1381 dioc„
1462 1304 1595 1381 sal„
1624 1325 1712 1388 gr.
1764 1312 1830 1368 et
1859 1303 2391 1368 benedictionem.
2484 1304 2581 1367 Ut
2631 1323 2669 1366 a
2720 1322 2883 1385 quo-

599 1423 856 1487 cunque
921 1404 1080 1487 Ep'o
1138 1403 1473 1468 Catholico
1546 1404 1616 1466 in
1693 1404 1915 1487 Regno
1974 1401 2230 1485 Angliae
2297 1403 2636 1478 existente,
2696 1401 2882 1466 Sedis

599 1502 963 1584 apostolicae
990 1501 1263 1586 gratiam
1294 1508 1360 1566 et
1389 1501 1838 1565 executionem
1881 1502 1984 1565 sui
2029 1500 2226 1564 officii
2269 1501 2610 1583 optinenti,
2639 1520 2883 1562 munus

598 1600 1064 1665 benedictionis
1116 1601 1486 1685 solempnis,
1531 1600 1800 1665 licentia
1848 1600 2187 1664 diocesana
2235 1600 2538 1683 primitus
2590 1599 2882 1674 obtenta,

597 1699 774 1763 licite
832 1700 1116 1784 recipere
1167 1700 1402 1777 valeaS,
1454 1701 1612 1764 dum
1665 1707 1886 1764 tamen
1937 1699 2244 1763 Ecclesiae
2296 1704 2535 1762 nostrae
2578 1698 2766 1762 Ebor.
2814 1708 2883 1762 et

597 1799 782 1862 nobis
806 1800 1268 1882 professionem
1291 1800 1361 1861 in
1385 1799 1589 1863 forma
1607 1799 1888 1864 Canonis
1912 1799 2141 1863 feceris
2170 1806 2562 1874 consuetam,
2586 1805 2652 1863 et
2674 1798 2882 1861 alium

596 1899 981 1963 canonicum
1040 1919 1172 1962 non
1245 1897 1536 1974 obsistat,
1594 1898 1865 1962 liberam
1924 1898 2049 1961 tibi
2108 1897 2623 1962 benedictionem
2679 1897 2881 1980 hujus

596 1998 949 2081 recipiendi
995 2004 1061 2062 et
1112 1997 1473 2080 cuicunque
1522 1998 1679 2079 Ep'o
1725 1997 1922 2081 hujus
1967 1997 2089 2061 tibi
2135 1996 2554 2081 impendendi
2604 1998 2880 2061 eandem

596 2103 817 2162 tenore
888 2097 1310 2181 praesentium
1386 2096 1800 2160 concedimus
1874 2095 2269 2160 facultatem.
2385 2098 2628 2160 Datum
2700 2098 2879 2180 apud

597 2296 796 2362 tionis
826 2297 1033 2380 primo
1065 2295 1436 2378 incipiente.

829 2558 1115 2621 Lim-Ena
1147 2559 1382 2622 Pmom
1416 2574 1496 2621 m·
1529 2557 1919 2622 CONVENTUI
1950 2574 2036 2620 nn
2068 2558 2482 2622 OBEDIENTIA
2511 2573 2646 2621 nro,

682 2706 1051 2771 Alexander
1103 2712 1220 2770 etc.
1275 2706 1532 2771 dilectis
1584 2706 1736 2771 filiis
1784 2707 1987 2770 Priori
2041 2712 2109 2772 et
2154 2707 2353 2772 Conv.
2407 2707 2487 2771 de
2539 2708 2874 2792 Whiteby,

595 2812 829 2871 nostrae
866 2805 1233 2883 DioceseoS,
1263 2811 1378 2870 etc.
1470 2806 1936 2871 Praesenmtam
1967 2807 2151 2871 nobis
2182 2806 2562 2871 electionem
2588 2815 2874 2872 vestram

596 2906 676 2970 de
751 2906 945 2968 fratre
1016 2905 1063 2969 J
1067 2904 1322 2969 ohanne
1382 2905 1461 2969 de
1537 2904 1923 2982 Richmond‚
1989 2906 2448 2970 commonacho
2509 2914 2740 2984 vestro,
2800 2908 2874 2971 in

596 3005 922 3071 Abbatem
975 3004 1373 3069 concorditer
1418 3004 1676 3080 factam,
1722 3004 2050 3069 Ordinarii
2094 3004 2221 3069 loci
2262 3025 2377 3088 pro
2424 3006 2564 3089 ipso
2617 3007 2873 3091 negotio

596 3104 997 3189 expediendo
1050 3103 1367 3188 [licentia]
1417 3104 1721 3186 primitus
1765 3104 2047 3180 obtenta,
2099 3104 2263 3169 bene
2314 3105 2532 3169 debito
2591 3105 2875 3171 examini

597 3204 1010 3289 subjecimuS,
1040 3224 1310 3287 eamque
1340 3203 1687 3286 diligenter
1716 3204 2074 3267 examinari
2103 3204 2393 3281 fecimus,
2415 3204 2586 3269 sicut
2608 3205 2875 3270 tradunt

597 3305 922 3370 canonicae
946 3304 1313 3369 sanctiones
1323 3326 1340 3382 ;
1362 3301 1743 3385 quam,quia
1760 3302 2131 3367 invenimus
2151 3304 2455 3368 canonice
2473 3304 2875 3381 celebratam,

599 3406 907 3470 duximus
961 3401 1484 3477 confirmandam,
1535 3401 1815 3466 eundem
1861 3403 2125 3467 fratrem
2182 3403 2548 3467 Johannem
2596 3403 2874 3470 electum

598 3503 806 3568 veluti
835 3504 1373 3586 circumspectum
1412 3502 1877 3586 prospicientes
1907 3502 2090 3567 vobis
2131 3509 2197 3567 et
2229 3502 2625 3568 Monasterio
2664 3512 2878 3569 vestro

598 3603 942 3686 benignius
973 3603 1043 3666 in
1073 3602 1419 3679 Abbatem,
1450 3622 1799 3685 curamque
1831 3607 1897 3666 et
1927 3602 2287 3667 custodiam
2331 3603 2766 3687 spiritualium
2811 3611 2878 3669 et

598 3702 1055 3786 temporalium
1086 3701 1471 3765 Monasterii
1499 3702 1753 3784 praefati
1797 3702 1922 3766 sibi
1967 3702 2255 3786 plenarie
2288 3704 2783 3781 committentes,
2811 3711 2879 3769 et

604 3802 988 3868 nominatim
1019 3801 1203 3865 vobis
1247 3802 1317 3865 in
1347 3803 1591 3865 virtute
1636 3808 1875 3867 sanctae
1918 3803 2304 3868 obedientiae
2347 3804 2620 3868 firmiter
2658 3805 2877 3888 injun-

601 3903 809 3988 gendo
854 3902 1236 3966 mandamus
1289 3901 1598 3984 quatinus
1651 3901 2033 3984 praedictum
2077 3901 2342 3967 fratrem
2391 3903 2438 3967 J
2442 3902 2763 3967 ohannem
2808 3905 2878 3967 in

604 4003 926 4067 Abbatem
983 4006 1272 4065 vestrum
1324 4000 1723 4066 reverentius
1774 4001 2154 4079 admittatis,
2214 4002 2426 4066 eidem
2476 4004 2753 4086 pareatis
2814 4011 2878 4068 et

605 4101 918 4168 obediatis
978 4101 1056 4165 de
1115 4105 1344 4164 caetero
1403 4100 1473 4163 in
1533 4100 1833 4164 omnibus
1892 4120 2038 4183 quae
2096 4101 2349 4166 Sanctae
2409 4102 2764 4186 Religionis
2815 4111 2882 4168 et

607 4202 872 4286 Regulae
902 4209 1133 4266 vestrae
1177 4200 1578 4265 conveniunt
1621 4198 1965 4278 honestati,
1995 4206 2061 4265 et
2091 4207 2373 4266 vestram
2416 4202 2490 4265 in
2531 4201 2655 4267 hac
2702 4207 2881 4285 parte

605 4301 1014 4366 devotionem
1088 4300 1396 4364 debemus
1478 4298 1709 4363 merito
1791 4300 2254 4365 commendare.
2388 4300 2638 4364 Datum
2710 4303 2882 4386 apud

606 4398 988 4482 Claveryng‚
1017 4404 1094 4462 ut
1122 4419 1329 4482 supra.
