3254 5140
800 616 1342 670 GARTULARIUM
1376 618 1781 669 ABBATHIAE
1818 619 1918 669 DE
1950 618 2323 670 WHITEBY.
2595 604 2718 664 687

444 776 721 842 Mariam
765 778 966 844 filiam
1010 781 1164 845 D'ni
1209 781 1495 859 Henrici,
1537 781 1809 847 Comitis
1854 783 2194 860 Iencastr',
2234 783 2313 848 de
2357 802 2487 866 qua
2529 784 2721 844 natus

442 879 543 938 est
585 876 910 942 Henricus
953 880 1416 964 primogenitus
1461 901 1636 958 sune,
1681 903 1725 944 x
1770 881 1874 946 die
1917 883 2156 947 mensis
2202 881 2586 947 Novembris
2630 879 2721 942 A⁰

443 973 596 1039 D'ni
627 979 1021 1057 M.ccc¹¹¹0xli⁰,
1053 985 1121 1044 et
1148 981 1425 1046 Thomas
1456 981 1777 1047 secundus
1808 979 2022 1046 filius.¹

946 1281 1393 1347 DCXXXIX.
1440 1282 1731 1365 (Dodsw.
1763 1282 1909 1347 clix.
1942 1304 2004 1366 p.
2040 1285 2210 1365 114.)

524 1427 680 1493 Fuit
736 1429 952 1514 igitur,
1012 1431 1363 1496 secundum
1429 1432 1665 1497 saecula
1708 1432 1997 1509 fratrum,
2043 1430 2414 1496 clarissimis
2459 1437 2719 1495 exortus

435 1527 779 1606 natalibus,
853 1530 1175 1595 Dominus
1233 1530 1606 1597 Willelmus
1683 1531 1762 1596 de
1829 1531 2052 1615 Percy,
2109 1531 2224 1615 qui
2283 1532 2387 1613 (ut
2457 1536 2717 1614 patrum

434 1636 727 1693 asserunt
770 1629 1177 1712 traditiones)
1220 1651 1258 1694 a
1300 1631 1586 1696 Domino
1616 1630 1948 1695 Willelmo
1982 1631 2416 1715 Conquestore
2461 1629 2716 1714 Angliae

436 1733 504 1790 et
577 1727 749 1812 Rege
822 1729 894 1792 in
966 1735 1231 1795 tantum
1305 1729 1584 1796 dilectus
1645 1730 1819 1815 quod
1878 1731 2004 1795 sibi
2062 1731 2413 1794 maximam
2464 1735 2716 1813 partem

429 1825 778 1908 provinciae
808 1826 990 1891 dedit
1021 1828 1458 1894 EboracensiS.
1549 1829 1640 1892 Et
1680 1829 1774 1893 sic
1820 1850 1950 1893 non
1993 1828 2203 1893 solum
2254 1830 2359 1893 sui
2402 1828 2711 1913 germinis

433 1924 736 2009 dignitas,
758 1947 984 1991 verum
1014 1929 1209 1992 etiam
1240 1928 1517 1993 dominii
1552 1929 1704 2012 jura
1734 1928 1910 1992 felici
1955 1949 2258 1993 successu
2302 1927 2712 2012 splendidum

435 2024 986 2111 red[d]ideru[n]t.
1077 2029 1235 2092 Erat
1265 2033 1485 2092 autem
1517 2028 1588 2091 in
1617 2049 1686 2093 se
1715 2033 1904 2091 tanta
1931 2027 2247 2111 largitatis
2291 2026 2610 2090 industria
2640 2033 2717 2090 ut

438 2144 568 2187 non
617 2145 824 2208 pauca
875 2126 1169 2190 feoffavit
1212 2128 1403 2192 beata
1445 2127 1916 2205 Ecclesiastica,
1961 2131 2027 2191 et
2070 2126 2199 2190 Dei
2244 2126 2719 2204 servientibus?

433 2244 629 2308 quam
680 2225 1032 2309 plurimum
1075 2226 1344 2312 largitus
1391 2234 1505 2293 est.
1604 2228 1790 2291 Inter
1834 2247 1996 2310 quae,
2039 2227 2265 2310 prime,
2313 2226 2605 2290 feoffavit
2651 2226 2710 2290 S.

434 2323 481 2387 J
485 2323 805 2389 ohannem
863 2325 943 2390 de
1020 2326 1369 2391 Beverlaco
1428 2326 1508 2391 de
1567 2348 1610 2389 v
1670 2326 1879 2391 feodis
1940 2325 2264 2389 militum:
2337 2325 2713 2402 secundum,

434 2422 723 2488 feoffavit
767 2424 827 2488 S.
866 2424 1248 2489 Wilfridum
1295 2425 1374 2491 de
1406 2426 1669 2510 Rippon
1700 2426 1780 2491 de
1810 2447 1855 2490 v
1883 2426 2089 2490 feodis
2134 2424 2456 2505 militum;
2503 2425 2716 2503 terti0,

432 2523 723 2588 feoffavit
766 2524 1176 2609 Hospitarios
1220 2526 1300 2592 de
1345 2526 1709 2593 Jerusalem
1756 2527 1825 2591 in
1871 2533 2090 2592 monte
2131 2526 2191 2591 S.
2224 2525 2271 2590 J
2274 2524 2590 2590 ohannis⁸
2632 2525 2712 2591 de

432 2643 475 2685 v
518 2622 723 2687 feodis
766 2623 1093 2702 militum;
1136 2632 1364 2709 quarto
1422 2627 1713 2692 feoffavit
1757 2627 2018 2692 Fratres
2062 2626 2142 2691 de
2183 2625 2449 2709 Templo
2473 2624 2499 2663 ³
2544 2625 2622 2689 de
2667 2647 2712 2690 v

434 2722 637 2787 feodis
682 2723 968 2788 militum
986 2747 1003 2804 3
1046 2731 1371 2808 postremo
1416 2726 1707 2790 feoffavit
1738 2726 1800 2792 S.
1832 2726 2103 2790 Hildam
2141 2725 2220 2790 de
2251 2725 2527 2809 Whitby
2557 2725 2637 2790 de
2667 2747 2710 2789 v

434 2822 636 2887 feodis
681 2822 984 2900 militum,
1029 2831 1095 2888 et
1140 2824 1503 2908 Raynfrido
1548 2825 1875 2910 quondam
1919 2825 2134 2902 militi,
2178 2830 2336 2889 tunc
2395 2824 2711 2889 monacho

436 2923 517 2987 de
582 2922 921 3001 Evesham,
973 2922 1154 2988 dedit
1213 2924 1557 3008 antiquum
1616 2925 2093 2989 Monasterium
2161 2925 2240 2988 de
2290 2924 2586 3008 Whitby‚
2645 2931 2713 2989 et

436 3027 642 3086 totam
692 3021 916 3086 villam
969 3022 1049 3088 de
1101 3023 1378 3108 Whitby
1423 3031 1489 3088 et
1533 3024 1826 3108 Prestby,
1872 3030 1939 3088 et
1983 3021 2320 3088 ecclesiam
2367 3023 2438 3088 B.
2484 3024 2712 3088 Mariae

436 3122 726 3206 ejusdem
775 3121 967 3200 villae,
1018 3143 1166 3187 cum
1217 3122 1652 3207 pertinenciis.
1766 3124 1852 3186 Et
1904 3122 2254 3206 praedictus
2313 3122 2711 3205 Raynfridus

435 3220 846 3286 reaedificavit
874 3221 1042 3286 illud
1077 3223 1551 3287 Monasterium
1582 3222 1662 3286 de
1690 3222 1986 3304 Whitby,
2017 3228 2084 3286 et
2126 3222 2374 3305 primus
2405 3221 2589 3286 Prior
2617 3221 2712 3287 ibi

436 3322 826 3386 constitutus
893 3327 1008 3387 est.
1121 3323 1245 3387 Cui
1304 3322 1615 3387 successit
1668 3320 1846 3386 Serlo
1897 3321 2215 3386 secundus
2268 3320 2464 3398 Prior,
2517 3321 2713 3386 frater

434 3421 726 3505 praedicti
754 3421 1071 3486 Willelmi
1101 3422 1325 3506 Percy‚
1348 3420 1736 3487 Fundatoris
1766 3421 1963 3505 primi
1995 3421 2281 3505 ejusdem
2312 3420 2709 3486 Monasterii.

505 3581 527 3618 ¹
562 3583 692 3635 This
726 3584 1017 3653 genealogy
1056 3584 1187 3637 ends
1210 3584 1346 3637 with
1381 3585 1475 3637 the
1510 3583 1817 3653 generation
1854 3582 2147 3635 number-ed
2182 3596 2262 3634 11.
2299 3582 2358 3634 in
2394 3582 2488 3634 the
2519 3582 2709 3636 eketch

432 3668 589 3736 given
611 3668 728 3733 just
751 3668 931 3721 above.

507 3749 530 3784 ²
552 3751 681 3803 This
714 3751 761 3802 is
796 3750 1056 3818 probably
1079 3751 1175 3803 the
1199 3752 1433 3820 reading,
1459 3752 1561 3805 bnt
1594 3752 1690 3805 the
1714 3750 2045 3803 contraction
2081 3749 2127 3801 is
2164 3753 2258 3801 not
2281 3765 2314 3801 a
2339 3765 2468 3816 very
2491 3749 2710 3802 definite

436 3851 552 3898 one,
578 3834 684 3886 and
708 3834 866 3885 much
891 3834 937 3885 is
961 3834 1063 3886 left
1090 3839 1144 3887 to
1169 3836 1488 3901 conjecture.

505 3916 529 3953 ⁸
555 3919 713 3971 “The
749 3918 1137 3985 Commendet-y
1161 3919 1219 3970 of
1255 3920 1451 3971 Monnt
1486 3919 1566 3971 St.
1600 3919 1750 3970 John
1786 3918 1869 3969 for
1905 3917 2142 3984 Knights
2177 3916 2498 3982 hospitalars
2533 3917 2591 3967 of
2625 3916 2706 3970 St.

435 4001 579 4053 John
605 4003 661 4053 of
705 4002 1008 4054 Jerusalem
1025 4002 1055 4027 ''
1092 4019 1205 4054 was
1240 4002 1475 4054 founded
1498 4002 1694 4070 during
1727 4003 1821 4053 the
1856 4002 2003 4069 reign
2041 4002 2097 4053 of
2135 4002 2324 4066 Hem-y
2347 4001 2707 4064 L—(Bnrton,

435 4086 580 4137 Mon.
623 4085 774 4137 Ebor.
822 4087 932 4148 56.)
1009 4085 1123 4136 “In
1167 4085 1313 4152 King
1353 4084 1635 4152 Stephen’s
1676 4086 1808 4137 time
1849 4085 1946 4136 the
1988 4083 2523 4151 Knights-Templare
2570 4100 2710 4135 were

435 4168 669 4235 brought
690 4168 806 4220 into
824 4166 1310 4235 England.'’-(Ib.)
1364 4169 1419 4220 It
1442 4169 1488 4220 is
1512 4169 1746 4235 scarcely
1759 4185 2035 4234 necessary
2057 4172 2115 4219 to
2137 4167 2313 4219 notice
2327 4166 2421 4217 the
2439 4166 2708 4217 historical

439 4268 610 4303 errore
633 4253 690 4303 of
712 4269 746 4303 a
768 4251 984 4318 writing
1007 4267 1066 4302 so
1090 4251 1402 4317 manifestly
1426 4252 1706 4304 rhetorical
1731 4269 1789 4303 as
1824 4253 1916 4304 the
1939 4255 2153 4318 present
2176 4251 2477 4310 document,
2508 4248 2565 4300 in
2601 4266 2708 4316 any

437 4337 591 4387 other
632 4335 958 4396 connection,
1004 4339 1063 4386 at
1104 4335 1255 4398 least,
1301 4351 1425 4387 save
1463 4336 1587 4387 that
1626 4336 1683 4387 of
1721 4335 2014 4403 indicating
2055 4335 2149 4387 the
2190 4333 2440 4400 probable
2477 4350 2514 4384 a
2543 4336 2711 4399 priori

438 4418 837 4470 worthlessness
880 4417 936 4468 of
975 4417 1070 4468 the
1111 4417 1469 4484 genealogical
1510 4422 1826 4470 statements
1862 4417 2040 4469 which
2083 4416 2292 4467 follow:
2332 4416 2439 4466 and
2479 4416 2565 4466 for
2599 4417 2709 4468 this

435 4517 618 4552 reason
645 4500 798 4551 alone
822 4499 918 4551 the
942 4499 1329 4566 discrepancies
1352 4498 1596 4550 between
1620 4500 1730 4551 fact
1752 4500 1859 4551 and
1897 4500 2055 4565 fancy
2079 4499 2136 4549 in
2169 4514 2330 4564 every
2355 4515 2453 4550 one
2477 4499 2533 4550 of
2558 4499 2708 4550 these

434 4584 777 4634 enfeoffment
800 4587 1119 4635 statements
1145 4600 1267 4649 may
1291 4583 1356 4634 be
1381 4583 1640 4634 adverted
1664 4589 1734 4636 to,
