3254 5140
604 567 732 629 430
972 584 1517 636 CABTULARIUM
1554 585 1961 637 ABBATHIAE
1999 586 2097 637 DE
2133 586 2507 639 WHITEBY.

1191 839 1679 904 CCCCLXXV.
1725 840 2296 905 HAUKESGARTHE.

688 1000 831 1079 (76)
876 998 1123 1063 Notum
1176 1000 1263 1064 sit
1308 1021 1474 1063 omn.
1521 1000 1602 1063 ad
1650 1021 1811 1083 quos
1856 1021 1947 1083 pr.
1994 1021 2109 1065 scr.
2162 1021 2355 1084 perir„
2399 1021 2581 1083 praes.
2627 1007 2693 1064 et
2745 1001 2884 1076 fut„

599 1097 773 1180 quod
818 1119 948 1181 eg0,
980 1098 1371 1182 Reginaldus
1417 1098 1495 1162 de
1541 1098 1995 1183 Haukesgart‚¹
2023 1120 2138 1182 pro
2169 1120 2222 1164 a.
2256 1120 2415 1176 mea,
2447 1107 2513 1164 et
2542 1099 2880 1162 animabus

600 1203 804 1261 antec.
835 1218 1122 1261 meorum
1154 1204 1219 1261 et
1248 1198 1395 1262 haer.
1428 1218 1733 1273 meorum,
1765 1218 1941 1264 conc.
1973 1204 2038 1262 et
2068 1199 2234 1275 dedi,
2265 1205 2330 1263 et
2374 1199 2494 1262 hac
2529 1220 2621 1282 pr.
2654 1218 2705 1263 c.
2739 1217 2881 1261 mea

600 1297 784 1373 conf„
814 1296 886 1359 in
929 1317 1067 1380 pur.
1100 1304 1165 1360 et
1198 1318 1372 1380 perp.
1404 1297 1605 1374 elem„
1637 1296 1898 1379 capellae
1933 1297 2118 1362 Omn.
2152 1299 2436 1363 S'corum
2467 1298 2547 1362 de
2580 1298 2878 1362 Haukes-

596 1403 740 1480 gart
783 1417 980 1459 unam
1021 1417 1232 1460 acram
1263 1405 1329 1461 et
1359 1397 1509 1460 dim.
1542 1397 1677 1460 t'rae
1706 1397 1776 1459 in
1809 1397 2076 1460 Houflat
2107 1419 2328 1462 versus
2372 1398 2699 1475 orientem,
2729 1419 2877 1462 cum

596 1496 915 1580 particulo
967 1497 1140 1580 quod
1191 1497 1284 1560 ibi
1337 1503 1451 1573 est,
1499 1502 1564 1560 et
1617 1517 1767 1561 cum
1818 1499 2142 1582 mesuagio
2196 1505 2262 1562 et
2311 1499 2475 1562 tofto
2527 1497 2701 1581 quod
2750 1497 2879 1560 fuit

600 1596 914 1681 Stephani
957 1598 1130 1674 ibid„
1161 1597 1243 1661 ad
1287 1597 1753 1661 inveniendum
1787 1597 2107 1661 luminare
2136 1604 2202 1661 et
2232 1598 2570 1662 missarum
2602 1596 2877 1661 celebra-

597 1695 843 1759 tionem
902 1696 973 1759 in
1032 1695 1594 1779 solempnitatibus
1652 1695 1971 1779 praecelsae
2029 1695 2320 1781 Virginis
2382 1697 2623 1773 Mariae,
2682 1702 2747 1760 et
2807 1695 2875 1757 in

599 1794 825 1858 diebus
870 1794 1157 1872 Sabbati,
1202 1815 1392 1878 super
1437 1794 1639 1859 altare
1685 1794 1875 1878 praed.
1908 1795 2196 1878 Virginis
2232 1797 2301 1859 in
2347 1795 2539 1880 praed.
2577 1815 2710 1878 cap.
2749 1793 2877 1859 ele-

601 1895 852 1958 mosina
878 1894 1067 1977 praed.
1095 1893 1435 1977 Reginaldi
1465 1900 1925 1959 constructum.
2001 1895 2103 1958 De
2133 1895 2324 1979 praed.
2347 1916 2497 1959 vero
2519 1895 2654 1972 t’ra,
2676 1901 2879 1977 pram,

600 2014 773 2070 mes„
831 2001 897 2057 et
954 1994 1136 2070 tofto,
1194 2014 1308 2077 ego
1368 1993 1760 2078 Reginaldus
1820 1994 1942 2058 feci
2000 1994 2259 2078 plenam
2319 1994 2626 2059 saisinam
2686 1992 2876 2077 praed.

600 2092 882 2176 capellae,
930 2099 996 2157 et
1039 2093 1206 2157 hanc
1250 2093 1429 2157 elem.
1477 2114 1592 2178 ego
1638 2103 1704 2158 et
1755 2094 1902 2157 haer.
1950 2094 2079 2158 mei
2130 2095 2435 2159 debemus
2488 2094 2697 2159 eidem
2742 2115 2876 2176 cap.

599 2192 1012 2255 warantizare
1043 2198 1264 2256 contra
1293 2214 1460 2256 omn.
1492 2193 1801 2257 homines.
1892 2193 2041 2257 Hiis
2085 2194 2376 2258 testibus.
2465 2192 2876 2283 D’noAdam

601 2289 682 2352 de
715 2289 1139 2374 Haukesgart.
1229 2290 1472 2355 Thoma
1501 2290 1636 2354 filio
1668 2292 1823 2375 ejus.
1912 2292 1959 2356 J
1962 2292 2214 2357 ohanne
2242 2291 2576 2356 Arundel:
2622 2298 2688 2356 et
2716 2291 2877 2356 aliis.

1470 2539 2005 2605 CCOOLXXVI.

689 2690 832 2773 (78)
882 2689 1068 2753 Omn.
1115 2687 1358 2752 Christi
1406 2687 1703 2751 fidelibus
1750 2709 1841 2772 pr.
1892 2710 1943 2753 c.
1995 2688 2111 2752 vis.
2158 2688 2262 2752 vel
2309 2689 2473 2766 aud„
2520 2688 2874 2753 Nicholaus

598 2789 676 2853 de
735 2786 1194 2872 Haukesgart,2
1252 2786 1426 2850 filius
1479 2787 1743 2850 Thomae
1795 2787 1874 2851 de
1927 2787 2360 2872 Haukesgart,
2411 2787 2520 2852 sal.
2569 2789 2641 2851 in
2689 2789 2874 2854 D’n0.

601 2889 667 2952 N
669 2909 765 2953 ον.
798 2888 1075 2952 univers.
1109 2891 1323 2951 vestra
1352 2906 1454 2949 me
1497 2886 1658 2963 ded„
1689 2907 1862 2951 conc.
1894 2891 1961 2950 et
2004 2886 2124 2950 hac
2153 2908 2245 2971 pr.
2279 2907 2329 2951 c.
2360 2908 2504 2952 mea
2548 2889 2731 2965 conf„
2761 2908 2875 2972 pro

601 3009 705 3052 me
749 2993 816 3052 et
859 2986 1006 3050 haer.
1038 2986 1216 3062 meis,
1248 2985 1577 3068 Stephano
1623 2984 1984 3062 Belbarbe,⁸
2014 2992 2080 3050 et
2122 2986 2269 3050 haer.
2315 2986 2449 3050 suis
2494 2987 2574 3051 de
2620 3006 2879 3070 corpore

602 3108 719 3152 suo
776 3087 951 3171 legit.
1004 3085 1369 3170 procreatis,
1416 3085 1777 3148 manerium
1836 3106 2051 3149 meum
2114 3086 2193 3150 de
2254 3086 2681 3170 Haukesgart,
2729 3107 2876 3151 cum

602 3188 899 3252 omnibus
932 3206 1077 3270 quae
1106 3185 1198 3248 ibi
1230 3184 1428 3247 habui
1459 3183 1562 3248 vel
1595 3184 1827 3248 habere
1858 3185 2060 3267 potui,
2093 3186 2164 3249 in
2193 3185 2420 3249 d’nicis
2466 3192 2531 3249 et
2576 3186 2880 3262 servitiiS,

600 3285 967 3370 villenagiis
997 3292 1063 3349 et
1093 3284 1378 3368 cotagiis‚
1409 3303 1555 3346 cum
1586 3283 1900 3368 homagiis
1945 3290 2009 3348 et
2054 3284 2335 3349 servitiis
2378 3284 2489 3348 lib.
2522 3284 2878 3362 hominum,

601 3384 861 3449 villanis
892 3391 959 3448 et
987 3403 1206 3448 eorum
1236 3382 1535 3465 sequelis,
1565 3389 1632 3446 et
1661 3384 2066 3460 tenementiS,
2096 3383 2456 3448 redditibus
2496 3389 2561 3447 et
2601 3383 2879 3460 releviis,

672 3545 692 3580 ¹
729 3548 825 3598 See
861 3547 960 3598 No.
988 3549 1108 3607 220,
1139 3545 1246 3597 and
1282 3550 1407 3596 note
1442 3549 1501 3597 to
1537 3545 1583 3597 it
1609 3549 1756 3608 (note
1790 3549 1838 3607 9,
1863 3563 1913 3613 p.
1949 3547 2085 3609 179).
2160 3546 2418 3614 Reginald
2454 3545 2500 3597 is
2535 3547 2800 3614 grandson
2824 3550 2880 3600 of

601 3631 859 3683 Aschetin
882 3631 948 3680 de
976 3629 1366 3696 Haukesgarth,
1392 3628 1485 3681 the
1522 3628 1715 3680 author
1750 3630 1805 3681 of
1839 3630 1963 3681 that
1997 3629 2296 3692 document,
2321 3630 2550 3697 through
2576 3630 2661 3682 his
2684 3634 2879 3684 second

598 3731 693 3766 son
720 3715 906 3780 Roget.
970 3713 1068 3764 No.
1098 3714 1202 3766 200
1228 3713 1437 3763 records
1461 3712 1553 3763 the
1577 3712 1819 3780 building
1844 3714 1900 3764 of
1924 3714 2187 3765 Hawsker
2210 3714 2409 3780 Chapel
2431 3715 2754 3780 e—possibly
2777 3733 2879 3768 one

597 3798 773 3866 might
800 3814 895 3863 say
920 3796 1149 3847 without
1185 3796 1384 3846 serious
1407 3811 1565 3855 error,
1595 3795 1691 3847 the
1726 3795 1993 3863 replacing
2028 3797 2084 3848 of
2119 3814 2152 3848 a
2187 3796 2371 3862 chapel
2394 3797 2567 3848 which
2605 3798 2713 3849 had
2750 3816 2879 3851 once

597 3882 802 3934 existed
837 3881 1002 3941 there,
1045 3880 1144 3931 but
1184 3879 1293 3931 had
1333 3880 1516 3931 ceased
1557 3885 1616 3932 to
1659 3880 1794 3930 have
1833 3879 1993 3947 being
2033 3881 2175 3931 since
2215 3880 2312 3931 the
2349 3879 2644 3932 desolation
2686 3881 2742 3932 of
2783 3883 2878 3934 the

597 3966 807 4018 district
842 3965 914 4030 by
939 3964 1033 4016 the
1057 3965 1248 4015 Danes.
1327 3963 1496 4014 There
1519 3963 1566 4014 is
1590 3963 1702 4014 still
1728 3963 1978 4030 standing
2004 3964 2060 4014 in
2084 3964 2177 4014 the
2201 3965 2346 4015 front
2369 3964 2425 4016 of
2460 3964 2725 4016 Hawsker
2749 3966 2878 4016 Hall

597 4067 630 4101 a
653 4048 989 4114 remarkably
1016 4047 1118 4098 fine
1155 4047 1422 4099 A.·Saxon
1459 4047 1784 4109 cross-shaft,
1813 4064 1873 4098 or
1907 4048 2038 4110 seele,
2062 4047 2169 4098 and
2203 4048 2258 4098 in
2294 4048 2365 4099 all
2401 4047 2723 4114 probability
2748 4049 2795 4100 it
2829 4051 2877 4100 is

596 4133 708 4183 still
731 4135 787 4183 in
809 4135 924 4193 situ,
950 4131 1056 4181 and
1091 4147 1267 4182 serves
1301 4134 1359 4181 to
1394 4129 1547 4180 mark
1580 4129 1674 4180 the
1699 4129 1924 4196 vicinity
1955 4129 2010 4182 of
2046 4130 2139 4180 the
2175 4130 2551 4196 Haukesgarth
2587 4131 2784 4198 Chapel
2821 4133 2880 4183 of

597 4213 864 4265 Ascatin’s
898 4213 1145 4276 erection‚
1183 4229 1241 4264 as
1276 4213 1398 4264 that
1422 4216 1562 4263 most
1586 4212 1752 4278 likely
1779 4229 1889 4263 was
1914 4229 1983 4265 on
2007 4229 2067 4263 or
2091 4229 2218 4263 near
2250 4213 2343 4264 the
2366 4214 2467 4264 site
2491 4214 2548 4264 of
2582 4213 2653 4265 its
2678 4214 2876 4282 Anglo·

599 4301 775 4351 Saxon
798 4298 1144 4365 predecessor.
1220 4298 1275 4348 It
1298 4297 1408 4348 will
1431 4297 1497 4348 be
1521 4296 1780 4348 observed
1801 4296 1923 4349 that
1946 4296 2040 4348 the
2065 4296 2251 4362 chapel
2279 4296 2427 4347 itself
2461 4313 2572 4348 was
2595 4297 2878 4351 dedicated

597 4387 655 4434 to
679 4382 770 4432 All
794 4380 1137 4432 Saints—the
1174 4380 1312 4430 altar
1346 4380 1515 4432 raised
1552 4380 1605 4430 in
1645 4381 1704 4441 it,
1733 4396 1790 4430 as
1825 4380 2016 4431 named
2051 4380 2106 4430 in
2143 4379 2237 4431 the
2272 4384 2485 4446 present
2510 4381 2661 4442 deed,
2685 4382 2758 4448 by
2782 4382 2878 4434 the

597 4464 940 4518 munificence
965 4464 1021 4514 of
1042 4463 1135 4514 the
1160 4463 1428 4515 founder's
1449 4463 1732 4530 grandson,
1759 4480 1868 4514 was
1893 4468 1951 4515 to
1974 4463 2068 4514 the
2093 4464 2297 4514 honour
2323 4463 2380 4514 of
2401 4465 2495 4514 the
2521 4464 2724 4531 Virgin.

670 4547 693 4583 ²
728 4548 825 4599 See
849 4546 946 4599 No.
974 4548 1095 4608 220,
1125 4545 1230 4597 and
1256 4551 1380 4597 note
1403 4550 1461 4597 to
1487 4546 1543 4596 it.
2044 4542 2068 4578 ⁸
2102 4546 2198 4598 See
2224 4550 2352 4598 next
2375 4547 2523 4610 deed,
2552 4548 2651 4600 No,
2680 4547 2802 4604 477.
