<?xml version="1.0" encoding="UTF-8"?>
<!DOCTYPE html PUBLIC "-//W3C//DTD XHTML 1.0 Transitional//EN"
    "http://www.w3.org/TR/xhtml1/DTD/xhtml1-transitional.dtd">
<html xmlns="http://www.w3.org/1999/xhtml" xml:lang="en" lang="en">
 <head>
  <title>
</title>
<meta http-equiv="Content-Type" content="text/html;charset=utf-8" />
  <meta name='ocr-system' content='tesseract 3.04.00' />
  <meta name='ocr-capabilities' content='ocr_page ocr_carea ocr_par ocr_line ocrx_word'/>
</head>
<body>
  <div class='ocr_page' id='page_1' title='image "./cartulariumabba02atkigoog_0373.png"; bbox 0 0 3254 5140; ppageno 0'>
   <div class='ocr_carea' id='block_1_1' title="bbox 771 616 2670 682">
    <p class='ocr_par' dir='ltr' id='par_1_1' title="bbox 771 616 2670 682">
     <span class='ocr_line' id='line_1_1' title="bbox 771 616 2670 682; baseline -0.004 0"><span class='ocrx_word' id='word_1_1' title='bbox 771 630 1315 682; x_wconf 81' lang='lat' dir='ltr'><strong>CARTULARIUM</strong></span> <span class='ocrx_word' id='word_1_2' title='bbox 1351 629 1759 681; x_wconf 79' lang='lat' dir='ltr'>ABBATHIAE</span> <span class='ocrx_word' id='word_1_3' title='bbox 1796 630 1895 680; x_wconf 83' lang='lat' dir='ltr'><strong>DE</strong></span> <span class='ocrx_word' id='word_1_4' title='bbox 1929 628 2301 681; x_wconf 86' lang='lat' dir='ltr'><strong>WHITEBY.</strong></span> <span class='ocrx_word' id='word_1_5' title='bbox 2551 616 2670 676; x_wconf 86' lang='lat'><strong>713</strong></span> 
     </span>
    </p>
   </div>
   <div class='ocr_carea' id='block_1_2' title="bbox 401 793 2684 4331">
    <p class='ocr_par' dir='ltr' id='par_1_2' title="bbox 401 793 2673 977">
     <span class='ocr_line' id='line_1_2' title="bbox 401 793 2673 879; baseline 0.001 -24"><span class='ocrx_word' id='word_1_6' title='bbox 401 793 515 857; x_wconf 88' lang='lat' dir='ltr'><strong>the</strong></span> <span class='ocrx_word' id='word_1_7' title='bbox 547 794 778 859; x_wconf 89' lang='lat' dir='ltr'><strong>Manor</strong></span> <span class='ocrx_word' id='word_1_8' title='bbox 806 796 874 859; x_wconf 82' lang='lat' dir='ltr'><strong>of</strong></span> <span class='ocrx_word' id='word_1_9' title='bbox 902 793 1201 878; x_wconf 84' lang='lat' dir='ltr'><strong>Thweng.</strong></span> <span class='ocrx_word' id='word_1_10' title='bbox 1292 794 1357 858; x_wconf 92' lang='lat' dir='ltr'><strong>It</strong></span> <span class='ocrx_word' id='word_1_11' title='bbox 1387 814 1517 858; x_wconf 83' lang='lat' dir='ltr'><strong>was</strong></span> <span class='ocrx_word' id='word_1_12' title='bbox 1548 793 1814 858; x_wconf 88' lang='lat' dir='ltr'><strong>decided</strong></span> <span class='ocrx_word' id='word_1_13' title='bbox 1845 793 1989 858; x_wconf 87' lang='lat' dir='ltr'><strong>that</strong></span> <span class='ocrx_word' id='word_1_14' title='bbox 2016 795 2128 858; x_wconf 89' lang='lat' dir='ltr'><strong>the</strong></span> <span class='ocrx_word' id='word_1_15' title='bbox 2150 814 2384 879; x_wconf 84' lang='lat' dir='ltr'><strong>grange</strong></span> <span class='ocrx_word' id='word_1_16' title='bbox 2405 813 2536 857; x_wconf 85' lang='lat' dir='ltr'><strong>was</strong></span> <span class='ocrx_word' id='word_1_17' title='bbox 2559 800 2673 857; x_wconf 89' lang='lat' dir='ltr'><strong>not</strong></span> 
     </span>
     <span class='ocr_line' id='line_1_3' title="bbox 402 893 1873 977; baseline 0.001 -22"><span class='ocrx_word' id='word_1_18' title='bbox 402 897 546 975; x_wconf 90' lang='lat' dir='ltr'><strong>part</strong></span> <span class='ocrx_word' id='word_1_19' title='bbox 574 893 645 957; x_wconf 83' lang='lat' dir='ltr'><strong>of</strong></span> <span class='ocrx_word' id='word_1_20' title='bbox 666 893 778 958; x_wconf 88' lang='lat' dir='ltr'><strong>the</strong></span> <span class='ocrx_word' id='word_1_21' title='bbox 809 895 1044 958; x_wconf 90' lang='lat' dir='ltr'><strong>Manor</strong></span> <span class='ocrx_word' id='word_1_22' title='bbox 1072 895 1140 958; x_wconf 79' lang='lat' dir='ltr'><strong>of</strong></span> <span class='ocrx_word' id='word_1_23' title='bbox 1168 894 1452 977; x_wconf 85' lang='lat' dir='ltr'><strong>Thweng</strong></span> <span class='ocrx_word' id='word_1_24' title='bbox 1481 894 1575 977; x_wconf 93' lang='lat' dir='ltr'><strong>(ii.</strong></span> <span class='ocrx_word' id='word_1_25' title='bbox 1605 914 1665 976; x_wconf 89' lang='lat' dir='ltr'><strong>p.</strong></span> <span class='ocrx_word' id='word_1_26' title='bbox 1702 898 1782 956; x_wconf 86' lang='lat'><strong>30</strong></span> <span class='ocrx_word' id='word_1_27' title='bbox 1793 894 1873 976; x_wconf 82' lang='lat'><strong>7).</strong></span> 
     </span>
    </p>

    <p class='ocr_par' dir='ltr' id='par_1_3' title="bbox 402 992 2671 1273">
     <span class='ocr_line' id='line_1_4' title="bbox 492 992 2670 1075; baseline -0 -21"><span class='ocrx_word' id='word_1_28' title='bbox 492 992 575 1055; x_wconf 90' lang='lat' dir='ltr'><strong>In</strong></span> <span class='ocrx_word' id='word_1_29' title='bbox 615 1013 653 1056; x_wconf 88' lang='lat' dir='ltr'><strong>a</strong></span> <span class='ocrx_word' id='word_1_30' title='bbox 697 993 986 1058; x_wconf 87' lang='lat' dir='ltr'><strong>taxation</strong></span> <span class='ocrx_word' id='word_1_31' title='bbox 1019 994 1091 1058; x_wconf 88' lang='lat' dir='ltr'><strong>of</strong></span> <span class='ocrx_word' id='word_1_32' title='bbox 1126 998 1284 1056; x_wconf 88' lang='lat'>1401</span> <span class='ocrx_word' id='word_1_33' title='bbox 1315 993 1588 1057; x_wconf 87' lang='lat' dir='ltr'><strong>:—Item</strong></span> <span class='ocrx_word' id='word_1_34' title='bbox 1619 993 1688 1056; x_wconf 92' lang='lat' dir='ltr'><strong>in</strong></span> <span class='ocrx_word' id='word_1_35' title='bbox 1720 992 1977 1056; x_wconf 86' lang='lat' dir='ltr'><strong>Oktona</strong></span> <span class='ocrx_word' id='word_1_36' title='bbox 2005 1013 2211 1055; x_wconf 92' lang='lat' dir='ltr'><strong>unum</strong></span> <span class='ocrx_word' id='word_1_37' title='bbox 2238 992 2670 1075; x_wconf 86' lang='lat' dir='ltr'><strong>messuagium</strong></span> 
     </span>
     <span class='ocr_line' id='line_1_5' title="bbox 402 1089 2671 1175; baseline -0 -23"><span class='ocrx_word' id='word_1_38' title='bbox 402 1094 467 1153; x_wconf 90' lang='lat' dir='ltr'><strong>et</strong></span> <span class='ocrx_word' id='word_1_39' title='bbox 511 1112 602 1154; x_wconf 83' lang='lat' dir='ltr'><strong>xx</strong></span> <span class='ocrx_word' id='word_1_40' title='bbox 645 1091 910 1155; x_wconf 85' lang='lat' dir='ltr'><strong>bovatas</strong></span> <span class='ocrx_word' id='word_1_41' title='bbox 955 1092 1089 1155; x_wconf 82' lang='lat' dir='ltr'><strong>t’rae</strong></span> <span class='ocrx_word' id='word_1_42' title='bbox 1133 1112 1277 1175; x_wconf 83' lang='lat' dir='ltr'><strong>quae</strong></span> <span class='ocrx_word' id='word_1_43' title='bbox 1307 1091 1500 1155; x_wconf 89' lang='lat' dir='ltr'><strong>dictis</strong></span> <span class='ocrx_word' id='word_1_44' title='bbox 1531 1091 1945 1175; x_wconf 75' lang='lat' dir='ltr'><strong>temporibuS,</strong></span> <span class='ocrx_word' id='word_1_45' title='bbox 1975 1098 2111 1168; x_wconf 70' lang='lat' dir='ltr'><strong>etc„</strong></span> <span class='ocrx_word' id='word_1_46' title='bbox 2140 1111 2257 1174; x_wconf 90' lang='lat' dir='ltr'><strong>per</strong></span> <span class='ocrx_word' id='word_1_47' title='bbox 2285 1111 2528 1154; x_wconf 91' lang='lat' dir='ltr'><strong>annum</strong></span> <span class='ocrx_word' id='word_1_48' title='bbox 2558 1089 2671 1152; x_wconf 84' lang='lat' dir='ltr'><strong>xxi</strong></span> 
     </span>
     <span class='ocr_line' id='line_1_6' title="bbox 402 1189 1089 1273; baseline 0.004 -21"><span class='ocrx_word' id='word_1_49' title='bbox 402 1189 639 1253; x_wconf 90' lang='lat' dir='ltr'><strong>solidos</strong></span> <span class='ocrx_word' id='word_1_50' title='bbox 670 1191 787 1273; x_wconf 90' lang='lat' dir='ltr'><strong>(iii.</strong></span> <span class='ocrx_word' id='word_1_51' title='bbox 818 1211 879 1273; x_wconf 89' lang='lat' dir='ltr'><strong>p.</strong></span> <span class='ocrx_word' id='word_1_52' title='bbox 919 1191 1089 1273; x_wconf 84' lang='lat'><strong>292).</strong></span> 
     </span>
    </p>

    <p class='ocr_par' dir='ltr' id='par_1_4' title="bbox 401 1286 2684 3739">
     <span class='ocr_line' id='line_1_7' title="bbox 493 1286 2673 1373; baseline -0 -23"><span class='ocrx_word' id='word_1_53' title='bbox 493 1290 573 1351; x_wconf 91' lang='lat' dir='ltr'><strong>In</strong></span> <span class='ocrx_word' id='word_1_54' title='bbox 613 1294 997 1352; x_wconf 86' lang='lat'><strong>1235-1249.</strong></span> <span class='ocrx_word' id='word_1_55' title='bbox 1091 1289 1367 1366; x_wconf 81' lang='lat' dir='ltr'><strong>Quidam</strong></span> <span class='ocrx_word' id='word_1_56' title='bbox 1402 1289 1818 1372; x_wconf 73' lang='lat' dir='ltr'><strong>ReginalduS,</strong></span> <span class='ocrx_word' id='word_1_57' title='bbox 1851 1289 2240 1373; x_wconf 79' lang='lat' dir='ltr'><strong>capellanuS,</strong></span> <span class='ocrx_word' id='word_1_58' title='bbox 2269 1287 2449 1352; x_wconf 88' lang='lat' dir='ltr'><strong>dedit</strong></span> <span class='ocrx_word' id='word_1_59' title='bbox 2486 1286 2673 1350; x_wconf 91' lang='lat' dir='ltr'><strong>nobis</strong></span> 
     </span>
     <span class='ocr_line' id='line_1_8' title="bbox 403 1385 2675 1472; baseline -0 -23"><span class='ocrx_word' id='word_1_60' title='bbox 403 1385 729 1468; x_wconf 86' lang='lat' dir='ltr'><strong>quandam</strong></span> <span class='ocrx_word' id='word_1_61' title='bbox 759 1387 1121 1469; x_wconf 84' lang='lat' dir='ltr'><strong>portionem</strong></span> <span class='ocrx_word' id='word_1_62' title='bbox 1152 1388 1288 1451; x_wconf 82' lang='lat' dir='ltr'><strong>t&#39;rae</strong></span> <span class='ocrx_word' id='word_1_63' title='bbox 1329 1407 1479 1451; x_wconf 91' lang='lat' dir='ltr'><strong>cum</strong></span> <span class='ocrx_word' id='word_1_64' title='bbox 1521 1388 1807 1472; x_wconf 84' lang='lat' dir='ltr'><strong>gardinis</strong></span> <span class='ocrx_word' id='word_1_65' title='bbox 1852 1396 1917 1452; x_wconf 90' lang='lat' dir='ltr'><strong>et</strong></span> <span class='ocrx_word' id='word_1_66' title='bbox 1961 1388 2248 1452; x_wconf 78' lang='lat' dir='ltr'><strong>aedificiis</strong></span> <span class='ocrx_word' id='word_1_67' title='bbox 2291 1388 2361 1450; x_wconf 93' lang='lat' dir='ltr'><strong>in</strong></span> <span class='ocrx_word' id='word_1_68' title='bbox 2406 1407 2480 1451; x_wconf 92' lang='lat' dir='ltr'><strong>eo</strong></span> <span class='ocrx_word' id='word_1_69' title='bbox 2525 1406 2675 1450; x_wconf 89' lang='lat' dir='ltr'><strong>con-</strong></span> 
     </span>
     <span class='ocr_line' id='line_1_9' title="bbox 402 1483 2675 1569; baseline -0.001 -22"><span class='ocrx_word' id='word_1_70' title='bbox 402 1484 665 1547; x_wconf 88' lang='lat' dir='ltr'><strong>structis</strong></span> <span class='ocrx_word' id='word_1_71' title='bbox 696 1485 764 1546; x_wconf 91' lang='lat' dir='ltr'><strong>in</strong></span> <span class='ocrx_word' id='word_1_72' title='bbox 796 1484 1223 1568; x_wconf 82' lang='lat' dir='ltr'><strong>Fyschergate</strong></span> <span class='ocrx_word' id='word_1_73' title='bbox 1252 1484 1324 1547; x_wconf 92' lang='lat' dir='ltr'><strong>in</strong></span> <span class='ocrx_word' id='word_1_74' title='bbox 1366 1485 1668 1563; x_wconf 83' lang='lat' dir='ltr'><strong>EboracO,</strong></span> <span class='ocrx_word' id='word_1_75' title='bbox 1698 1491 1775 1548; x_wconf 92' lang='lat' dir='ltr'><strong>ut</strong></span> <span class='ocrx_word' id='word_1_76' title='bbox 1809 1506 1924 1568; x_wconf 89' lang='lat' dir='ltr'><strong>pro</strong></span> <span class='ocrx_word' id='word_1_77' title='bbox 1953 1485 2141 1568; x_wconf 83' lang='lat' dir='ltr'><strong>praed.</strong></span> <span class='ocrx_word' id='word_1_78' title='bbox 2174 1485 2397 1569; x_wconf 86' lang='lat' dir='ltr'><strong>placea</strong></span> <span class='ocrx_word' id='word_1_79' title='bbox 2440 1483 2564 1547; x_wconf 84' lang='lat' dir='ltr'>sibi</span> <span class='ocrx_word' id='word_1_80' title='bbox 2608 1488 2675 1546; x_wconf 93' lang='lat' dir='ltr'><strong>et</strong></span> 
     </span>
     <span class='ocr_line' id='line_1_10' title="bbox 404 1581 2675 1667; baseline 0 -23"><span class='ocrx_word' id='word_1_81' title='bbox 404 1581 551 1644; x_wconf 86' lang='lat' dir='ltr'><strong>haer.</strong></span> <span class='ocrx_word' id='word_1_82' title='bbox 602 1583 736 1646; x_wconf 88' lang='lat' dir='ltr'><strong>suis</strong></span> <span class='ocrx_word' id='word_1_83' title='bbox 786 1584 879 1646; x_wconf 84' lang='lat' dir='ltr'><strong>xii</strong></span> <span class='ocrx_word' id='word_1_84' title='bbox 927 1583 1239 1659; x_wconf 89' lang='lat' dir='ltr'><strong>denarios,</strong></span> <span class='ocrx_word' id='word_1_85' title='bbox 1273 1591 1340 1648; x_wconf 90' lang='lat' dir='ltr'><strong>et</strong></span> <span class='ocrx_word' id='word_1_86' title='bbox 1384 1583 1719 1647; x_wconf 87' lang='lat' dir='ltr'><strong>monachis</strong></span> <span class='ocrx_word' id='word_1_87' title='bbox 1764 1584 1843 1648; x_wconf 90' lang='lat' dir='ltr'><strong>de</strong></span> <span class='ocrx_word' id='word_1_88' title='bbox 1872 1585 2173 1667; x_wconf 85' lang='lat' dir='ltr'><strong>Whytby</strong></span> <span class='ocrx_word' id='word_1_89' title='bbox 2202 1584 2363 1648; x_wconf 85' lang='lat' dir='ltr'><strong>alios</strong></span> <span class='ocrx_word' id='word_1_90' title='bbox 2396 1583 2488 1646; x_wconf 81' lang='lat' dir='ltr'><strong>xii</strong></span> <span class='ocrx_word' id='word_1_91' title='bbox 2533 1583 2675 1645; x_wconf 92' lang='lat' dir='ltr'><strong>den.</strong></span> 
     </span>
     <span class='ocr_line' id='line_1_11' title="bbox 404 1681 2678 1765; baseline 0 -23"><span class='ocrx_word' id='word_1_92' title='bbox 404 1700 653 1744; x_wconf 87' lang='lat' dir='ltr'><strong>annuos</strong></span> <span class='ocrx_word' id='word_1_93' title='bbox 680 1681 1108 1760; x_wconf 81' lang='lat' dir='ltr'><strong>solveremus3</strong></span> <span class='ocrx_word' id='word_1_94' title='bbox 1151 1681 1264 1745; x_wconf 89' lang='lat' dir='ltr'><strong>sed</strong></span> <span class='ocrx_word' id='word_1_95' title='bbox 1294 1687 1513 1745; x_wconf 88' lang='lat' dir='ltr'><strong>tamen</strong></span> <span class='ocrx_word' id='word_1_96' title='bbox 1540 1682 1738 1765; x_wconf 86' lang='lat' dir='ltr'><strong>primi</strong></span> <span class='ocrx_word' id='word_1_97' title='bbox 1782 1681 1875 1745; x_wconf 84' lang='lat' dir='ltr'><strong>xii</strong></span> <span class='ocrx_word' id='word_1_98' title='bbox 1906 1682 2047 1746; x_wconf 91' lang='lat' dir='ltr'><strong>den.</strong></span> <span class='ocrx_word' id='word_1_99' title='bbox 2095 1682 2567 1756; x_wconf 77' lang='lat' dir='ltr'><strong>relaxabantur,</strong></span> <span class='ocrx_word' id='word_1_100' title='bbox 2611 1685 2678 1743; x_wconf 86' lang='lat' dir='ltr'><strong>et</strong></span> 
     </span>
     <span class='ocr_line' id='line_1_12' title="bbox 404 1778 2677 1845; baseline 0 -4"><span class='ocrx_word' id='word_1_101' title='bbox 404 1778 736 1843; x_wconf 88' lang='lat' dir='ltr'><strong>Gilbertus</strong></span> <span class='ocrx_word' id='word_1_102' title='bbox 781 1780 954 1844; x_wconf 90' lang='lat' dir='ltr'><strong>filius</strong></span> <span class='ocrx_word' id='word_1_103' title='bbox 1000 1780 1278 1844; x_wconf 87' lang='lat' dir='ltr'><strong>Arnaldi</strong></span> <span class='ocrx_word' id='word_1_104' title='bbox 1327 1779 1407 1843; x_wconf 91' lang='lat' dir='ltr'><strong>de</strong></span> <span class='ocrx_word' id='word_1_105' title='bbox 1456 1780 1656 1844; x_wconf 85' lang='lat' dir='ltr'><strong>Barra</strong></span> <span class='ocrx_word' id='word_1_106' title='bbox 1698 1801 1903 1844; x_wconf 90' lang='lat' dir='ltr'><strong>unum</strong></span> <span class='ocrx_word' id='word_1_107' title='bbox 1956 1781 2195 1845; x_wconf 89' lang='lat' dir='ltr'><strong>toftum</strong></span> <span class='ocrx_word' id='word_1_108' title='bbox 2242 1785 2306 1844; x_wconf 89' lang='lat' dir='ltr'><strong>et</strong></span> <span class='ocrx_word' id='word_1_109' title='bbox 2360 1779 2677 1843; x_wconf 86' lang='lat' dir='ltr'><strong>Robertus</strong></span> 
     </span>
     <span class='ocr_line' id='line_1_13' title="bbox 403 1877 2679 1962; baseline 0 -23"><span class='ocrx_word' id='word_1_110' title='bbox 403 1877 769 1961; x_wconf 83' lang='lat' dir='ltr'><strong>Fraunceys</strong></span> <span class='ocrx_word' id='word_1_111' title='bbox 826 1878 1022 1941; x_wconf 87' lang='lat' dir='ltr'><strong>aliam</strong></span> <span class='ocrx_word' id='word_1_112' title='bbox 1080 1879 1441 1962; x_wconf 90' lang='lat' dir='ltr'><strong>portionem</strong></span> <span class='ocrx_word' id='word_1_113' title='bbox 1501 1879 1652 1955; x_wconf 88' lang='lat' dir='ltr'><strong>t’rae,</strong></span> <span class='ocrx_word' id='word_1_114' title='bbox 1704 1885 1899 1962; x_wconf 89' lang='lat' dir='ltr'><strong>atque</strong></span> <span class='ocrx_word' id='word_1_115' title='bbox 1951 1880 2263 1943; x_wconf 74' lang='lat' dir='ltr'><strong>Paulinus</strong></span> <span class='ocrx_word' id='word_1_116' title='bbox 2314 1878 2376 1942; x_wconf 96' lang='grc'><strong>19</strong></span> <span class='ocrx_word' id='word_1_117' title='bbox 2429 1878 2679 1942; x_wconf 88' lang='lat' dir='ltr'><strong>Mercer</strong></span> 
     </span>
     <span class='ocr_line' id='line_1_14' title="bbox 404 1975 2679 2062; baseline -0 -24"><span class='ocrx_word' id='word_1_118' title='bbox 404 1975 597 2039; x_wconf 88' lang='lat' dir='ltr'><strong>aliam</strong></span> <span class='ocrx_word' id='word_1_119' title='bbox 628 1977 993 2060; x_wconf 89' lang='lat' dir='ltr'><strong>portionem</strong></span> <span class='ocrx_word' id='word_1_120' title='bbox 1021 1977 1173 2054; x_wconf 87' lang='lat' dir='ltr'><strong>t&#39;rae,</strong></span> <span class='ocrx_word' id='word_1_121' title='bbox 1209 1985 1275 2041; x_wconf 90' lang='lat' dir='ltr'><strong>et</strong></span> <span class='ocrx_word' id='word_1_122' title='bbox 1307 1976 1642 2041; x_wconf 85' lang='lat' dir='ltr'><strong>Gilbertus</strong></span> <span class='ocrx_word' id='word_1_123' title='bbox 1673 1977 1753 2042; x_wconf 90' lang='lat' dir='ltr'><strong>de</strong></span> <span class='ocrx_word' id='word_1_124' title='bbox 1780 1979 1999 2041; x_wconf 88' lang='lat' dir='ltr'><strong>Atona</strong></span> <span class='ocrx_word' id='word_1_125' title='bbox 2028 1977 2351 2062; x_wconf 83' lang='lat' dir='ltr'><strong>quoddam</strong></span> <span class='ocrx_word' id='word_1_126' title='bbox 2394 1995 2679 2039; x_wconf 88' lang='lat' dir='ltr'><strong>messua-</strong></span> 
     </span>
     <span class='ocr_line' id='line_1_15' title="bbox 402 2073 2680 2160; baseline -0 -23"><span class='ocrx_word' id='word_1_127' title='bbox 402 2075 581 2158; x_wconf 91' lang='lat' dir='ltr'><strong>gium</strong></span> <span class='ocrx_word' id='word_1_128' title='bbox 625 2075 888 2153; x_wconf 83' lang='lat' dir='ltr'><strong>ibidem,</strong></span> <span class='ocrx_word' id='word_1_129' title='bbox 931 2076 1256 2140; x_wconf 87' lang='lat' dir='ltr'><strong>reddendo</strong></span> <span class='ocrx_word' id='word_1_130' title='bbox 1299 2076 1632 2140; x_wconf 84' lang='lat' dir='ltr'><strong>monachis</strong></span> <span class='ocrx_word' id='word_1_131' title='bbox 1677 2077 1757 2141; x_wconf 91' lang='lat' dir='ltr'><strong>de</strong></span> <span class='ocrx_word' id='word_1_132' title='bbox 1785 2077 2082 2160; x_wconf 86' lang='lat' dir='ltr'><strong>Whytby</strong></span> <span class='ocrx_word' id='word_1_133' title='bbox 2112 2077 2273 2140; x_wconf 88' lang='lat' dir='ltr'><strong>duos</strong></span> <span class='ocrx_word' id='word_1_134' title='bbox 2316 2073 2570 2150; x_wconf 75' lang='lat' dir='ltr'><strong>solidOS,</strong></span> <span class='ocrx_word' id='word_1_135' title='bbox 2614 2080 2680 2136; x_wconf 93' lang='lat' dir='ltr'><strong>et</strong></span> 
     </span>
     <span class='ocr_line' id='line_1_16' title="bbox 407 2173 2679 2250; baseline -0.001 -13"><span class='ocrx_word' id='word_1_136' title='bbox 407 2173 680 2238; x_wconf 87' lang='lat' dir='ltr'><strong>Ballivis</strong></span> <span class='ocrx_word' id='word_1_137' title='bbox 710 2174 1013 2239; x_wconf 86' lang='lat' dir='ltr'><strong>Civitatis</strong></span> <span class='ocrx_word' id='word_1_138' title='bbox 1057 2175 1243 2239; x_wconf 90' lang='lat' dir='ltr'><strong>Ebor.</strong></span> <span class='ocrx_word' id='word_1_139' title='bbox 1277 2196 1482 2238; x_wconf 91' lang='lat' dir='ltr'><strong>unum</strong></span> <span class='ocrx_word' id='word_1_140' title='bbox 1514 2176 1852 2239; x_wconf 88' lang='lat' dir='ltr'><strong>denarium</strong></span> <span class='ocrx_word' id='word_1_141' title='bbox 1896 2175 2254 2250; x_wconf 84' lang='lat' dir='ltr'><strong>annuatim,</strong></span> <span class='ocrx_word' id='word_1_142' title='bbox 2299 2173 2484 2237; x_wconf 86' lang='lat' dir='ltr'><strong>nobis</strong></span> <span class='ocrx_word' id='word_1_143' title='bbox 2529 2192 2679 2235; x_wconf 92' lang='lat' dir='ltr'><strong>con-</strong></span> 
     </span>
     <span class='ocr_line' id='line_1_17' title="bbox 403 2271 2678 2358; baseline 0 -24"><span class='ocrx_word' id='word_1_144' title='bbox 403 2272 711 2336; x_wconf 82' lang='lat' dir='ltr'><strong>tulerunt.</strong></span> <span class='ocrx_word' id='word_1_145' title='bbox 799 2274 891 2336; x_wconf 91' lang='lat' dir='ltr'><strong>At</strong></span> <span class='ocrx_word' id='word_1_146' title='bbox 934 2274 1129 2337; x_wconf 90' lang='lat' dir='ltr'><strong>etiam</strong></span> <span class='ocrx_word' id='word_1_147' title='bbox 1174 2274 1475 2338; x_wconf 88' lang='lat' dir='ltr'><strong>monachi</strong></span> <span class='ocrx_word' id='word_1_148' title='bbox 1519 2275 1647 2357; x_wconf 90' lang='lat' dir='ltr'><strong>ipsi</strong></span> <span class='ocrx_word' id='word_1_149' title='bbox 1691 2274 1771 2339; x_wconf 92' lang='lat' dir='ltr'><strong>de</strong></span> <span class='ocrx_word' id='word_1_150' title='bbox 1802 2275 2097 2358; x_wconf 82' lang='lat' dir='ltr'><strong>Whytby</strong></span> <span class='ocrx_word' id='word_1_151' title='bbox 2137 2273 2451 2338; x_wconf 88' lang='lat' dir='ltr'><strong>dederunt</strong></span> <span class='ocrx_word' id='word_1_152' title='bbox 2495 2271 2678 2335; x_wconf 90' lang='lat' dir='ltr'><strong>nobis</strong></span> 
     </span>
     <span class='ocr_line' id='line_1_18' title="bbox 404 2370 2678 2457; baseline 0 -25"><span class='ocrx_word' id='word_1_153' title='bbox 404 2370 672 2433; x_wconf 87' lang='lat' dir='ltr'><strong>alteram</strong></span> <span class='ocrx_word' id='word_1_154' title='bbox 716 2370 1004 2455; x_wconf 81' lang='lat' dir='ltr'><strong>placeam</strong></span> <span class='ocrx_word' id='word_1_155' title='bbox 1049 2373 1183 2436; x_wconf 85' lang='lat' dir='ltr'><strong>t’rae</strong></span> <span class='ocrx_word' id='word_1_156' title='bbox 1229 2373 1419 2437; x_wconf 88' lang='lat' dir='ltr'><strong>dictis</strong></span> <span class='ocrx_word' id='word_1_157' title='bbox 1467 2374 1848 2457; x_wconf 88' lang='lat' dir='ltr'><strong>messuagiis</strong></span> <span class='ocrx_word' id='word_1_158' title='bbox 1914 2374 2298 2457; x_wconf 76' lang='lat' dir='ltr'><strong>contiguam,</strong></span> <span class='ocrx_word' id='word_1_159' title='bbox 2355 2370 2678 2435; x_wconf 85' lang='lat' dir='ltr'><strong>reddendo</strong></span> 
     </span>
     <span class='ocr_line' id='line_1_19' title="bbox 404 2468 2679 2555; baseline 0.001 -25"><span class='ocrx_word' id='word_1_160' title='bbox 404 2468 529 2531; x_wconf 91' lang='lat' dir='ltr'><strong>sibi</strong></span> <span class='ocrx_word' id='word_1_161' title='bbox 581 2469 869 2553; x_wconf 85' lang='lat' dir='ltr'><strong>quinque</strong></span> <span class='ocrx_word' id='word_1_162' title='bbox 922 2470 1158 2535; x_wconf 89' lang='lat' dir='ltr'><strong>solidos</strong></span> <span class='ocrx_word' id='word_1_163' title='bbox 1218 2472 1570 2535; x_wconf 82' lang='lat' dir='ltr'><strong>annuatim.</strong></span> <span class='ocrx_word' id='word_1_164' title='bbox 1679 2473 1767 2535; x_wconf 87' lang='lat' dir='ltr'><strong>Et</strong></span> <span class='ocrx_word' id='word_1_165' title='bbox 1817 2473 2114 2555; x_wconf 85' lang='lat' dir='ltr'><strong>quamvis</strong></span> <span class='ocrx_word' id='word_1_166' title='bbox 2166 2470 2437 2555; x_wconf 86' lang='lat' dir='ltr'><strong>amplior</strong></span> <span class='ocrx_word' id='word_1_167' title='bbox 2495 2470 2679 2533; x_wconf 87' lang='lat' dir='ltr'><strong>firma</strong></span> 
     </span>
     <span class='ocr_line' id='line_1_20' title="bbox 402 2568 2678 2656; baseline 0 -25"><span class='ocrx_word' id='word_1_168' title='bbox 402 2587 619 2633; x_wconf 86' lang='lat' dir='ltr'><strong>annua</strong></span> <span class='ocrx_word' id='word_1_169' title='bbox 677 2590 873 2653; x_wconf 87' lang='lat' dir='ltr'><strong>quam</strong></span> <span class='ocrx_word' id='word_1_170' title='bbox 930 2570 1220 2654; x_wconf 89' lang='lat' dir='ltr'><strong>quinque</strong></span> <span class='ocrx_word' id='word_1_171' title='bbox 1278 2570 1471 2635; x_wconf 90' lang='lat' dir='ltr'><strong>solidi</strong></span> <span class='ocrx_word' id='word_1_172' title='bbox 1529 2573 1814 2656; x_wconf 79' lang='lat' dir='ltr'><strong>praefatis</strong></span> <span class='ocrx_word' id='word_1_173' title='bbox 1864 2572 2197 2637; x_wconf 85' lang='lat' dir='ltr'><strong>monachis</strong></span> <span class='ocrx_word' id='word_1_174' title='bbox 2250 2570 2330 2635; x_wconf 94' lang='lat' dir='ltr'><strong>de</strong></span> <span class='ocrx_word' id='word_1_175' title='bbox 2380 2568 2678 2654; x_wconf 86' lang='lat' dir='ltr'><strong>Whytby</strong></span> 
     </span>
     <span class='ocr_line' id='line_1_21' title="bbox 404 2667 2679 2757; baseline 0 -26"><span class='ocrx_word' id='word_1_176' title='bbox 404 2667 692 2733; x_wconf 89' lang='lat' dir='ltr'><strong>solvatur</strong></span> <span class='ocrx_word' id='word_1_177' title='bbox 747 2671 1215 2754; x_wconf 78' lang='lat' dir='ltr'><strong>praescribatur,</strong></span> <span class='ocrx_word' id='word_1_178' title='bbox 1274 2671 1442 2735; x_wconf 88' lang='lat' dir='ltr'><strong>nihil</strong></span> <span class='ocrx_word' id='word_1_179' title='bbox 1502 2671 1782 2757; x_wconf 90' lang='lat' dir='ltr'><strong>amplius</strong></span> <span class='ocrx_word' id='word_1_180' title='bbox 1840 2693 2034 2756; x_wconf 92' lang='lat' dir='ltr'><strong>quam</strong></span> <span class='ocrx_word' id='word_1_181' title='bbox 2094 2671 2382 2755; x_wconf 89' lang='lat' dir='ltr'><strong>quinque</strong></span> <span class='ocrx_word' id='word_1_182' title='bbox 2440 2667 2679 2734; x_wconf 89' lang='lat' dir='ltr'><strong>solidos</strong></span> 
     </span>
     <span class='ocr_line' id='line_1_22' title="bbox 403 2767 2678 2845; baseline -0.001 -14"><span class='ocrx_word' id='word_1_183' title='bbox 403 2767 494 2831; x_wconf 91' lang='lat' dir='ltr'><strong>eis</strong></span> <span class='ocrx_word' id='word_1_184' title='bbox 547 2768 859 2832; x_wconf 86' lang='lat' dir='ltr'><strong>solvimus</strong></span> <span class='ocrx_word' id='word_1_185' title='bbox 910 2770 1266 2845; x_wconf 85' lang='lat' dir='ltr'><strong>annuatim,</strong></span> <span class='ocrx_word' id='word_1_186' title='bbox 1318 2790 1437 2834; x_wconf 89' lang='lat' dir='ltr'><strong>nec</strong></span> <span class='ocrx_word' id='word_1_187' title='bbox 1486 2770 1556 2833; x_wconf 93' lang='lat' dir='ltr'><strong>in</strong></span> <span class='ocrx_word' id='word_1_188' title='bbox 1607 2771 1972 2836; x_wconf 89' lang='lat' dir='ltr'><strong>indenturis</strong></span> <span class='ocrx_word' id='word_1_189' title='bbox 2024 2772 2195 2835; x_wconf 90' lang='lat' dir='ltr'><strong>inter</strong></span> <span class='ocrx_word' id='word_1_190' title='bbox 2244 2770 2390 2833; x_wconf 90' lang='lat' dir='ltr'><strong>illos</strong></span> <span class='ocrx_word' id='word_1_191' title='bbox 2443 2774 2512 2832; x_wconf 88' lang='lat' dir='ltr'><strong>et</strong></span> <span class='ocrx_word' id='word_1_192' title='bbox 2561 2787 2678 2829; x_wconf 89' lang='lat' dir='ltr'><strong>nos</strong></span> 
     </span>
     <span class='ocr_line' id='line_1_23' title="bbox 402 2865 2681 2952; baseline 0 -25"><span class='ocrx_word' id='word_1_193' title='bbox 402 2865 712 2929; x_wconf 84' lang='lat' dir='ltr'><strong>confectis</strong></span> <span class='ocrx_word' id='word_1_194' title='bbox 770 2866 897 2930; x_wconf 88' lang='lat' dir='ltr'><strong>nisi</strong></span> <span class='ocrx_word' id='word_1_195' title='bbox 953 2872 1213 2930; x_wconf 87' lang='lat' dir='ltr'><strong>tantum</strong></span> <span class='ocrx_word' id='word_1_196' title='bbox 1257 2867 1337 2932; x_wconf 90' lang='lat' dir='ltr'><strong>de</strong></span> <span class='ocrx_word' id='word_1_197' title='bbox 1384 2868 1673 2952; x_wconf 89' lang='lat' dir='ltr'><strong>quinque</strong></span> <span class='ocrx_word' id='word_1_198' title='bbox 1723 2869 1947 2934; x_wconf 91' lang='lat' dir='ltr'><strong>solidis</strong></span> <span class='ocrx_word' id='word_1_199' title='bbox 2005 2869 2238 2934; x_wconf 82' lang='lat' dir='ltr'><strong>annuis</strong></span> <span class='ocrx_word' id='word_1_200' title='bbox 2289 2872 2681 2931; x_wconf 86' lang='lat' dir='ltr'><strong>memoratur</strong></span> 
     </span>
     <span class='ocr_line' id='line_1_24' title="bbox 401 2963 2679 3050; baseline 0 -24"><span class='ocrx_word' id='word_1_201' title='bbox 401 2963 495 3043; x_wconf 91' lang='lat' dir='ltr'><strong>(ii.</strong></span> <span class='ocrx_word' id='word_1_202' title='bbox 536 2984 596 3045; x_wconf 89' lang='lat' dir='ltr'><strong>p.</strong></span> <span class='ocrx_word' id='word_1_203' title='bbox 644 2963 772 3045; x_wconf 83' lang='lat'><strong>63),</strong></span> <span class='ocrx_word' id='word_1_204' title='bbox 811 2964 1032 3027; x_wconf 86' lang='lat' dir='ltr'><strong>Abbas</strong></span> <span class='ocrx_word' id='word_1_205' title='bbox 1078 2964 1275 3028; x_wconf 90' lang='lat' dir='ltr'><strong>etiam</strong></span> <span class='ocrx_word' id='word_1_206' title='bbox 1318 2971 1385 3029; x_wconf 92' lang='lat' dir='ltr'><strong>et</strong></span> <span class='ocrx_word' id='word_1_207' title='bbox 1428 2966 1729 3029; x_wconf 88' lang='lat' dir='ltr'><strong>monachi</strong></span> <span class='ocrx_word' id='word_1_208' title='bbox 1773 2966 1854 3030; x_wconf 90' lang='lat' dir='ltr'><strong>de</strong></span> <span class='ocrx_word' id='word_1_209' title='bbox 1895 2967 2192 3050; x_wconf 88' lang='lat' dir='ltr'><strong>Whytby</strong></span> <span class='ocrx_word' id='word_1_210' title='bbox 2231 2966 2473 3029; x_wconf 88' lang='lat' dir='ltr'><strong>habent</strong></span> <span class='ocrx_word' id='word_1_211' title='bbox 2517 2965 2679 3028; x_wconf 87' lang='lat' dir='ltr'><strong>duas</strong></span> 
     </span>
     <span class='ocr_line' id='line_1_25' title="bbox 402 3061 2678 3144; baseline 0 -20"><span class='ocrx_word' id='word_1_212' title='bbox 402 3068 617 3144; x_wconf 87' lang='lat' dir='ltr'><strong>partes</strong></span> <span class='ocrx_word' id='word_1_213' title='bbox 663 3061 928 3124; x_wconf 75' lang='lat' dir='ltr'><strong>decimae</strong></span> <span class='ocrx_word' id='word_1_214' title='bbox 970 3062 1309 3144; x_wconf 88' lang='lat' dir='ltr'><strong>garbarum</strong></span> <span class='ocrx_word' id='word_1_215' title='bbox 1360 3062 1441 3127; x_wconf 92' lang='lat' dir='ltr'><strong>de</strong></span> <span class='ocrx_word' id='word_1_216' title='bbox 1486 3084 1654 3127; x_wconf 92' lang='lat' dir='ltr'><strong>omn.</strong></span> <span class='ocrx_word' id='word_1_217' title='bbox 1704 3063 1928 3127; x_wconf 88' lang='lat' dir='ltr'><strong>d&#39;nicis</strong></span> <span class='ocrx_word' id='word_1_218' title='bbox 1970 3064 2107 3127; x_wconf 88' lang='lat' dir='ltr'><strong>t&#39;ris</strong></span> <span class='ocrx_word' id='word_1_219' title='bbox 2156 3062 2238 3127; x_wconf 90' lang='lat' dir='ltr'><strong>ad</strong></span> <span class='ocrx_word' id='word_1_220' title='bbox 2284 3061 2678 3125; x_wconf 90' lang='lat' dir='ltr'><strong>dominicum</strong></span> 
     </span>
     <span class='ocr_line' id='line_1_26' title="bbox 403 3159 2678 3243; baseline -0.001 -20"><span class='ocrx_word' id='word_1_221' title='bbox 403 3166 471 3223; x_wconf 90' lang='lat' dir='ltr'><strong>et</strong></span> <span class='ocrx_word' id='word_1_222' title='bbox 515 3159 835 3222; x_wconf 90' lang='lat' dir='ltr'><strong>culturam</strong></span> <span class='ocrx_word' id='word_1_223' title='bbox 878 3159 1045 3222; x_wconf 90' lang='lat' dir='ltr'><strong>situs</strong></span> <span class='ocrx_word' id='word_1_224' title='bbox 1089 3159 1361 3222; x_wconf 84' lang='lat' dir='ltr'><strong>manerii</strong></span> <span class='ocrx_word' id='word_1_225' title='bbox 1408 3160 1487 3223; x_wconf 90' lang='lat' dir='ltr'><strong>de</strong></span> <span class='ocrx_word' id='word_1_226' title='bbox 1539 3160 1605 3221; x_wconf 87' lang='lat' dir='ltr'>N</span> <span class='ocrx_word' id='word_1_227' title='bbox 1607 3159 1915 3224; x_wconf 86' lang='lat' dir='ltr'><strong>affretona</strong></span> <span class='ocrx_word' id='word_1_228' title='bbox 1933 3160 1956 3198; x_wconf 81' lang='lat'>¹</span> <span class='ocrx_word' id='word_1_229' title='bbox 2004 3160 2493 3243; x_wconf 87' lang='lat' dir='ltr'><strong>pertinentibus,</strong></span> <span class='ocrx_word' id='word_1_230' title='bbox 2545 3164 2678 3220; x_wconf 89' lang='lat' dir='ltr'><strong>tam</strong></span> 
     </span>
     <span class='ocr_line' id='line_1_27' title="bbox 403 3255 2684 3342; baseline -0.002 -21"><span class='ocrx_word' id='word_1_231' title='bbox 403 3259 474 3321; x_wconf 90' lang='lat' dir='ltr'><strong>in</strong></span> <span class='ocrx_word' id='word_1_232' title='bbox 514 3278 740 3341; x_wconf 89' lang='lat' dir='ltr'><strong>campo</strong></span> <span class='ocrx_word' id='word_1_233' title='bbox 780 3256 860 3320; x_wconf 88' lang='grc'><strong>(19</strong></span> <span class='ocrx_word' id='word_1_234' title='bbox 904 3257 965 3319; x_wconf 87' lang='lat' dir='ltr'>N</span> <span class='ocrx_word' id='word_1_235' title='bbox 972 3256 1277 3320; x_wconf 83' lang='lat' dir='ltr'><strong>affretone</strong></span> <span class='ocrx_word' id='word_1_236' title='bbox 1324 3277 1516 3339; x_wconf 88' lang='lat' dir='ltr'><strong>quam</strong></span> <span class='ocrx_word' id='word_1_237' title='bbox 1563 3257 1634 3320; x_wconf 91' lang='lat' dir='ltr'><strong>in</strong></span> <span class='ocrx_word' id='word_1_238' title='bbox 1680 3277 1906 3342; x_wconf 92' lang='lat' dir='ltr'><strong>campo</strong></span> <span class='ocrx_word' id='word_1_239' title='bbox 1951 3258 2029 3323; x_wconf 91' lang='lat' dir='ltr'><strong>de</strong></span> <span class='ocrx_word' id='word_1_240' title='bbox 2057 3255 2571 3331; x_wconf 86' lang='lat' dir='ltr'><strong>Wandesforthe,</strong></span> <span class='ocrx_word' id='word_1_241' title='bbox 2616 3264 2684 3319; x_wconf 90' lang='lat' dir='ltr'><strong>et</strong></span> 
     </span>
     <span class='ocr_line' id='line_1_28' title="bbox 403 3353 2680 3440; baseline -0.001 -21"><span class='ocrx_word' id='word_1_242' title='bbox 403 3357 724 3440; x_wconf 75' lang='lat' dir='ltr'><strong>praecipue</strong></span> <span class='ocrx_word' id='word_1_243' title='bbox 770 3355 850 3419; x_wconf 83' lang='lat' dir='ltr'><strong>dc</strong></span> <span class='ocrx_word' id='word_1_244' title='bbox 901 3354 1031 3418; x_wconf 84' lang='lat' dir='ltr'><strong>inis</strong></span> <span class='ocrx_word' id='word_1_245' title='bbox 1090 3355 1226 3419; x_wconf 90' lang='lat' dir='ltr'><strong>t’ris</strong></span> <span class='ocrx_word' id='word_1_246' title='bbox 1276 3376 1421 3438; x_wconf 84' lang='lat' dir='ltr'><strong>quae</strong></span> <span class='ocrx_word' id='word_1_247' title='bbox 1473 3356 1739 3420; x_wconf 80' lang='lat' dir='ltr'><strong>fuerunt</strong></span> <span class='ocrx_word' id='word_1_248' title='bbox 1789 3357 1862 3418; x_wconf 85' lang='lat' dir='ltr'><strong>in</strong></span> <span class='ocrx_word' id='word_1_249' title='bbox 1913 3356 2121 3420; x_wconf 89' lang='lat' dir='ltr'><strong>d&#39;nica</strong></span> <span class='ocrx_word' id='word_1_250' title='bbox 2172 3356 2425 3420; x_wconf 90' lang='lat' dir='ltr'><strong>cultura</strong></span> <span class='ocrx_word' id='word_1_251' title='bbox 2475 3353 2680 3437; x_wconf 88' lang='lat' dir='ltr'><strong>ipsius</strong></span> 
     </span>
     <span class='ocr_line' id='line_1_29' title="bbox 401 3454 2680 3539; baseline -0.002 -20"><span class='ocrx_word' id='word_1_252' title='bbox 401 3455 675 3519; x_wconf 89' lang='lat' dir='ltr'><strong>manerii</strong></span> <span class='ocrx_word' id='word_1_253' title='bbox 718 3454 798 3518; x_wconf 88' lang='lat' dir='ltr'><strong>ab</strong></span> <span class='ocrx_word' id='word_1_254' title='bbox 846 3454 1132 3537; x_wconf 88' lang='lat' dir='ltr'><strong>antiqu0,</strong></span> <span class='ocrx_word' id='word_1_255' title='bbox 1175 3475 1320 3538; x_wconf 87' lang='lat' dir='ltr'><strong>quae</strong></span> <span class='ocrx_word' id='word_1_256' title='bbox 1363 3454 1584 3519; x_wconf 84' lang='lat' dir='ltr'><strong>valent</strong></span> <span class='ocrx_word' id='word_1_257' title='bbox 1636 3454 1972 3518; x_wconf 87' lang='lat' dir='ltr'><strong>annuatim</strong></span> <span class='ocrx_word' id='word_1_258' title='bbox 2015 3455 2201 3539; x_wconf 80' lang='lat' dir='ltr'><strong>quasi</strong></span> <span class='ocrx_word' id='word_1_259' title='bbox 2251 3475 2366 3518; x_wconf 84' lang='lat' dir='ltr'><strong>sex</strong></span> <span class='ocrx_word' id='word_1_260' title='bbox 2417 3472 2680 3526; x_wconf 89' lang='lat' dir='ltr'><strong>marcas,</strong></span> 
     </span>
     <span class='ocr_line' id='line_1_30' title="bbox 407 3550 2677 3639; baseline -0.003 -19"><span class='ocrx_word' id='word_1_261' title='bbox 407 3563 473 3620; x_wconf 91' lang='lat' dir='ltr'><strong>et</strong></span> <span class='ocrx_word' id='word_1_262' title='bbox 517 3555 712 3619; x_wconf 88' lang='lat' dir='ltr'><strong>tertia</strong></span> <span class='ocrx_word' id='word_1_263' title='bbox 754 3574 901 3639; x_wconf 91' lang='lat' dir='ltr'><strong>pars</strong></span> <span class='ocrx_word' id='word_1_264' title='bbox 932 3553 1120 3618; x_wconf 77' lang='lat' dir='ltr'><strong>dictae</strong></span> <span class='ocrx_word' id='word_1_265' title='bbox 1149 3554 1413 3619; x_wconf 82' lang='lat' dir='ltr'><strong>decimae</strong></span> <span class='ocrx_word' id='word_1_266' title='bbox 1453 3555 1794 3639; x_wconf 84' lang='lat' dir='ltr'><strong>garbarum</strong></span> <span class='ocrx_word' id='word_1_267' title='bbox 1839 3555 2156 3619; x_wconf 88' lang='lat' dir='ltr'><strong>dictarum</strong></span> <span class='ocrx_word' id='word_1_268' title='bbox 2194 3554 2456 3617; x_wconf 88' lang='lat' dir='ltr'><strong>t’rarum</strong></span> <span class='ocrx_word' id='word_1_269' title='bbox 2493 3550 2677 3614; x_wconf 88' lang='lat' dir='ltr'><strong>nobis</strong></span> 
     </span>
     <span class='ocr_line' id='line_1_31' title="bbox 404 3653 2374 3739; baseline -0.002 -20"><span class='ocrx_word' id='word_1_270' title='bbox 404 3661 472 3719; x_wconf 88' lang='lat' dir='ltr'><strong>et</strong></span> <span class='ocrx_word' id='word_1_271' title='bbox 500 3654 688 3718; x_wconf 87' lang='lat' dir='ltr'><strong>dictae</strong></span> <span class='ocrx_word' id='word_1_272' title='bbox 717 3653 999 3718; x_wconf 85' lang='lat' dir='ltr'><strong>ecclesiae</strong></span> <span class='ocrx_word' id='word_1_273' title='bbox 1026 3653 1133 3737; x_wconf 92' lang='lat' dir='ltr'><strong>(de</strong></span> <span class='ocrx_word' id='word_1_274' title='bbox 1164 3655 1568 3737; x_wconf 87' lang='lat' dir='ltr'><strong>Naffretona)</strong></span> <span class='ocrx_word' id='word_1_275' title='bbox 1599 3661 1957 3719; x_wconf 85' lang='lat' dir='ltr'><strong>reservatur</strong></span> <span class='ocrx_word' id='word_1_276' title='bbox 1985 3655 2079 3739; x_wconf 90' lang='lat' dir='ltr'><strong>(ii.</strong></span> <span class='ocrx_word' id='word_1_277' title='bbox 2107 3675 2167 3737; x_wconf 93' lang='lat' dir='ltr'><strong>p.</strong></span> <span class='ocrx_word' id='word_1_278' title='bbox 2203 3653 2374 3735; x_wconf 84' lang='lat'><strong>231).</strong></span> 
     </span>
    </p>

    <p class='ocr_par' dir='ltr' id='par_1_5' title="bbox 406 3753 2679 4331">
     <span class='ocr_line' id='line_1_32' title="bbox 495 3753 2674 3835; baseline -0.002 -17"><span class='ocrx_word' id='word_1_279' title='bbox 495 3754 579 3818; x_wconf 92' lang='lat' dir='ltr'><strong>In</strong></span> <span class='ocrx_word' id='word_1_280' title='bbox 614 3758 998 3816; x_wconf 85' lang='lat'><strong>1339-1349.</strong></span> <span class='ocrx_word' id='word_1_281' title='bbox 1076 3754 1334 3819; x_wconf 88' lang='lat' dir='ltr'><strong>Interea</strong></span> <span class='ocrx_word' id='word_1_282' title='bbox 1366 3754 1655 3819; x_wconf 88' lang='lat' dir='ltr'><strong>redditus</strong></span> <span class='ocrx_word' id='word_1_283' title='bbox 1701 3775 1954 3819; x_wconf 88' lang='lat' dir='ltr'><strong>annuus</strong></span> <span class='ocrx_word' id='word_1_284' title='bbox 1998 3777 2042 3818; x_wconf 86' lang='lat' dir='ltr'><strong>v</strong></span> <span class='ocrx_word' id='word_1_285' title='bbox 2085 3753 2452 3827; x_wconf 88' lang='lat' dir='ltr'><strong>solidorum,</strong></span> <span class='ocrx_word' id='word_1_286' title='bbox 2482 3771 2674 3835; x_wconf 90' lang='lat' dir='ltr'><strong>quem</strong></span> 
     </span>
     <span class='ocr_line' id='line_1_33' title="bbox 408 3850 2678 3936; baseline -0.001 -20"><span class='ocrx_word' id='word_1_287' title='bbox 408 3851 803 3916; x_wconf 86' lang='lat' dir='ltr'><strong>Monasterio</strong></span> <span class='ocrx_word' id='word_1_288' title='bbox 851 3851 931 3915; x_wconf 89' lang='lat' dir='ltr'><strong>de</strong></span> <span class='ocrx_word' id='word_1_289' title='bbox 959 3852 1252 3936; x_wconf 83' lang='lat' dir='ltr'><strong>Whytby</strong></span> <span class='ocrx_word' id='word_1_290' title='bbox 1295 3874 1409 3936; x_wconf 91' lang='lat' dir='ltr'><strong>pro</strong></span> <span class='ocrx_word' id='word_1_291' title='bbox 1457 3858 1826 3917; x_wconf 90' lang='lat' dir='ltr'><strong>tenemento</strong></span> <span class='ocrx_word' id='word_1_292' title='bbox 1870 3859 2088 3917; x_wconf 89' lang='lat' dir='ltr'><strong>nostro</strong></span> <span class='ocrx_word' id='word_1_293' title='bbox 2111 3853 2204 3915; x_wconf 59' lang='lat' dir='ltr'><strong>‘in</strong></span> <span class='ocrx_word' id='word_1_294' title='bbox 2249 3850 2678 3935; x_wconf 86' lang='lat' dir='ltr'><strong>Fyschergate</strong></span> 
     </span>
     <span class='ocr_line' id='line_1_34' title="bbox 406 3948 2679 4036; baseline -0.001 -24"><span class='ocrx_word' id='word_1_295' title='bbox 406 3950 791 4013; x_wconf 88' lang='lat' dir='ltr'><strong>Eboracensi</strong></span> <span class='ocrx_word' id='word_1_296' title='bbox 811 3948 1072 4014; x_wconf 88' lang='lat' dir='ltr'><strong>reddere</strong></span> <span class='ocrx_word' id='word_1_297' title='bbox 1095 3951 1489 4028; x_wconf 90' lang='lat' dir='ltr'><strong>tenebamur,</strong></span> <span class='ocrx_word' id='word_1_298' title='bbox 1510 3972 1624 4035; x_wconf 90' lang='lat' dir='ltr'><strong>per</strong></span> <span class='ocrx_word' id='word_1_299' title='bbox 1645 3958 1904 4036; x_wconf 87' lang='lat' dir='ltr'><strong>tempus</strong></span> <span class='ocrx_word' id='word_1_300' title='bbox 1933 3950 2195 4036; x_wconf 88' lang='lat' dir='ltr'><strong>aliquod</strong></span> <span class='ocrx_word' id='word_1_301' title='bbox 2217 3972 2255 4015; x_wconf 89' lang='lat' dir='ltr'><strong>a</strong></span> <span class='ocrx_word' id='word_1_302' title='bbox 2275 3956 2445 4014; x_wconf 88' lang='lat' dir='ltr'><strong>retro</strong></span> <span class='ocrx_word' id='word_1_303' title='bbox 2470 3948 2679 4012; x_wconf 88' lang='lat' dir='ltr'><strong>fuerat</strong></span> 
     </span>
     <span class='ocr_line' id='line_1_35' title="bbox 408 4047 2677 4132; baseline -0 -21"><span class='ocrx_word' id='word_1_304' title='bbox 408 4069 538 4112; x_wconf 90' lang='lat' dir='ltr'><strong>non</strong></span> <span class='ocrx_word' id='word_1_305' title='bbox 569 4048 833 4113; x_wconf 91' lang='lat' dir='ltr'><strong>solutus.</strong></span> <span class='ocrx_word' id='word_1_306' title='bbox 926 4047 1342 4132; x_wconf 81' lang='lat' dir='ltr'><strong>Quapropter,</strong></span> <span class='ocrx_word' id='word_1_307' title='bbox 1393 4070 1541 4113; x_wconf 92' lang='lat' dir='ltr'><strong>cum</strong></span> <span class='ocrx_word' id='word_1_308' title='bbox 1598 4051 1682 4113; x_wconf 94' lang='lat' dir='ltr'><strong>lis</strong></span> <span class='ocrx_word' id='word_1_309' title='bbox 1733 4051 1902 4115; x_wconf 88' lang='lat' dir='ltr'><strong>inter</strong></span> <span class='ocrx_word' id='word_1_310' title='bbox 1948 4051 2155 4115; x_wconf 89' lang='lat' dir='ltr'><strong>dictos</strong></span> <span class='ocrx_word' id='word_1_311' title='bbox 2204 4048 2552 4113; x_wconf 89' lang='lat' dir='ltr'><strong>monachos</strong></span> <span class='ocrx_word' id='word_1_312' title='bbox 2598 4047 2677 4111; x_wconf 90' lang='lat' dir='ltr'><strong>de</strong></span> 
     </span>
     <span class='ocr_line' id='line_1_36' title="bbox 408 4147 2677 4231; baseline 0 -21"><span class='ocrx_word' id='word_1_313' title='bbox 408 4148 707 4231; x_wconf 83' lang='lat' dir='ltr'><strong>Whytby</strong></span> <span class='ocrx_word' id='word_1_314' title='bbox 737 4153 805 4211; x_wconf 93' lang='lat' dir='ltr'><strong>et</strong></span> <span class='ocrx_word' id='word_1_315' title='bbox 848 4167 964 4210; x_wconf 89' lang='lat' dir='ltr'><strong>nos</strong></span> <span class='ocrx_word' id='word_1_316' title='bbox 1008 4167 1123 4230; x_wconf 91' lang='lat' dir='ltr'><strong>pro</strong></span> <span class='ocrx_word' id='word_1_317' title='bbox 1168 4149 1498 4231; x_wconf 86' lang='lat' dir='ltr'><strong>arreragiis</strong></span> <span class='ocrx_word' id='word_1_318' title='bbox 1529 4148 1688 4214; x_wconf 89' lang='lat' dir='ltr'><strong>dicti</strong></span> <span class='ocrx_word' id='word_1_319' title='bbox 1717 4149 2007 4215; x_wconf 91' lang='lat' dir='ltr'><strong>redditus</strong></span> <span class='ocrx_word' id='word_1_320' title='bbox 2038 4154 2213 4214; x_wconf 92' lang='lat' dir='ltr'><strong>mota</strong></span> <span class='ocrx_word' id='word_1_321' title='bbox 2242 4149 2489 4225; x_wconf 88' lang='lat' dir='ltr'><strong>fuisset,</strong></span> <span class='ocrx_word' id='word_1_322' title='bbox 2519 4147 2677 4211; x_wconf 89' lang='lat' dir='ltr'><strong>dicti</strong></span> 
     </span>
     <span class='ocr_line' id='line_1_37' title="bbox 408 4245 2678 4331; baseline -0.001 -21"><span class='ocrx_word' id='word_1_323' title='bbox 408 4245 711 4311; x_wconf 85' lang='lat' dir='ltr'><strong>monachi</strong></span> <span class='ocrx_word' id='word_1_324' title='bbox 754 4246 942 4310; x_wconf 89' lang='lat' dir='ltr'><strong>nobis</strong></span> <span class='ocrx_word' id='word_1_325' title='bbox 987 4247 1209 4310; x_wconf 88' lang='lat' dir='ltr'><strong>eadem</strong></span> <span class='ocrx_word' id='word_1_326' title='bbox 1253 4248 1569 4331; x_wconf 86' lang='lat' dir='ltr'><strong>arreragia</strong></span> <span class='ocrx_word' id='word_1_327' title='bbox 1611 4248 2076 4326; x_wconf 89' lang='lat' dir='ltr'><strong>condonarunt,</strong></span> <span class='ocrx_word' id='word_1_328' title='bbox 2105 4255 2171 4313; x_wconf 91' lang='lat' dir='ltr'><strong>et</strong></span> <span class='ocrx_word' id='word_1_329' title='bbox 2217 4267 2334 4312; x_wconf 90' lang='lat' dir='ltr'><strong>nos</strong></span> <span class='ocrx_word' id='word_1_330' title='bbox 2380 4267 2493 4331; x_wconf 90' lang='lat' dir='ltr'><strong>pro</strong></span> <span class='ocrx_word' id='word_1_331' title='bbox 2538 4247 2678 4329; x_wconf 88' lang='lat' dir='ltr'><strong>ipso</strong></span> 
     </span>
    </p>
   </div>
   <div class='ocr_carea' id='block_1_3' title="bbox 408 4396 2680 4631">
    <p class='ocr_par' dir='ltr' id='par_1_6' title="bbox 408 4396 2680 4631">
     <span class='ocr_line' id='line_1_38' title="bbox 480 4396 2679 4466; baseline -0 -19"><span class='ocrx_word' id='word_1_332' title='bbox 480 4396 499 4429; x_wconf 85' lang='lat'><em>¹</em></span> <span class='ocrx_word' id='word_1_333' title='bbox 523 4397 693 4448; x_wconf 79' lang='lat' dir='ltr'><strong>These</strong></span> <span class='ocrx_word' id='word_1_334' title='bbox 719 4397 885 4448; x_wconf 80' lang='lat' dir='ltr'><strong>tithes</strong></span> <span class='ocrx_word' id='word_1_335' title='bbox 918 4396 976 4447; x_wconf 80' lang='lat' dir='ltr'><strong>of</strong></span> <span class='ocrx_word' id='word_1_336' title='bbox 1011 4396 1291 4447; x_wconf 82' lang='lat' dir='ltr'><strong>Nafferton</strong></span> <span class='ocrx_word' id='word_1_337' title='bbox 1316 4414 1405 4448; x_wconf 86' lang='lat' dir='ltr'><strong>are</strong></span> <span class='ocrx_word' id='word_1_338' title='bbox 1430 4397 1676 4463; x_wconf 83' lang='lat' dir='ltr'><strong>specified</strong></span> <span class='ocrx_word' id='word_1_339' title='bbox 1700 4415 1895 4466; x_wconf 81' lang='lat' dir='ltr'><strong>among</strong></span> <span class='ocrx_word' id='word_1_340' title='bbox 1917 4398 2011 4450; x_wconf 81' lang='lat' dir='ltr'><strong>the</strong></span> <span class='ocrx_word' id='word_1_341' title='bbox 2034 4398 2191 4449; x_wconf 88' lang='lat' dir='ltr'><strong>other</strong></span> <span class='ocrx_word' id='word_1_342' title='bbox 2213 4398 2345 4464; x_wconf 81' lang='lat' dir='ltr'><strong>gifts</strong></span> <span class='ocrx_word' id='word_1_343' title='bbox 2367 4400 2426 4447; x_wconf 88' lang='lat' dir='ltr'><strong>to</strong></span> <span class='ocrx_word' id='word_1_344' title='bbox 2450 4396 2679 4461; x_wconf 81' lang='lat' dir='ltr'><strong>Whitby</strong></span> 
     </span>
     <span class='ocr_line' id='line_1_39' title="bbox 408 4479 2680 4544; baseline 0 -14"><span class='ocrx_word' id='word_1_345' title='bbox 408 4481 467 4531; x_wconf 88' lang='lat' dir='ltr'><strong>in</strong></span> <span class='ocrx_word' id='word_1_346' title='bbox 502 4481 597 4531; x_wconf 84' lang='lat' dir='ltr'><strong>the</strong></span> <span class='ocrx_word' id='word_1_347' title='bbox 633 4480 887 4532; x_wconf 74' lang='lat' dir='ltr'><strong>Char-tera</strong></span> <span class='ocrx_word' id='word_1_348' title='bbox 922 4481 979 4531; x_wconf 87' lang='lat' dir='ltr'><strong>of</strong></span> <span class='ocrx_word' id='word_1_349' title='bbox 1018 4480 1113 4531; x_wconf 87' lang='lat' dir='ltr'><strong>the</strong></span> <span class='ocrx_word' id='word_1_350' title='bbox 1155 4479 1400 4530; x_wconf 78' lang='lat' dir='ltr'><strong>Founder</strong></span> <span class='ocrx_word' id='word_1_351' title='bbox 1437 4481 1542 4531; x_wconf 85' lang='lat' dir='ltr'><strong>and</strong></span> <span class='ocrx_word' id='word_1_352' title='bbox 1578 4481 1664 4533; x_wconf 85' lang='lat' dir='ltr'><strong>his</strong></span> <span class='ocrx_word' id='word_1_353' title='bbox 1699 4498 2012 4544; x_wconf 72' lang='lat' dir='ltr'><strong>successor-s,</strong></span> <span class='ocrx_word' id='word_1_354' title='bbox 2052 4498 2112 4533; x_wconf 82' lang='lat' dir='ltr'><strong>as</strong></span> <span class='ocrx_word' id='word_1_355' title='bbox 2146 4481 2268 4533; x_wconf 82' lang='lat' dir='ltr'><strong>well</strong></span> <span class='ocrx_word' id='word_1_356' title='bbox 2302 4496 2362 4531; x_wconf 81' lang='lat' dir='ltr'><strong>as</strong></span> <span class='ocrx_word' id='word_1_357' title='bbox 2397 4479 2680 4531; x_wconf 83' lang='lat' dir='ltr'><strong>elsewhere</strong></span> 
     </span>
     <span class='ocr_line' id='line_1_40' title="bbox 408 4563 1482 4631; baseline 0 -16"><span class='ocrx_word' id='word_1_358' title='bbox 408 4563 689 4631; x_wconf 81' lang='lat' dir='ltr'><strong>according</strong></span> <span class='ocrx_word' id='word_1_359' title='bbox 713 4568 771 4615; x_wconf 87' lang='lat' dir='ltr'><strong>to</strong></span> <span class='ocrx_word' id='word_1_360' title='bbox 800 4564 1127 4630; x_wconf 77' lang='lat' dir='ltr'><strong>subsequent</strong></span> <span class='ocrx_word' id='word_1_361' title='bbox 1150 4566 1482 4615; x_wconf 81' lang='lat' dir='ltr'><strong>statements.</strong></span> 
     </span>
    </p>
   </div>
  </div>
 </body>
</html>
