3254 5140
578 585 702 643 484
952 593 1292 647 CARTULA
1304 592 1498 644 RIUM
1538 590 1944 643 ABBATHIAE
1981 591 2079 642 DE
2113 591 2488 643 WHITEBY.

574 761 866 844 partibus
924 758 1247 843 praedictis
1297 757 1408 822 hic
1457 764 1576 822 etc.
1680 756 1787 820 Ad
1837 776 2033 841 quem
2085 756 2256 820 diem
2302 756 2577 819 veniunt
2627 764 2843 840 partes

573 860 912 944 praedictae,
959 866 1025 922 et
1067 858 1256 942 praed.
1318 856 1615 939 Archiep.
1664 876 1976 920 summon.
2026 862 2141 919 etc.
2191 861 2416 937 quarto
2464 855 2569 919 die
2617 855 2843 939 placiti

574 959 945 1023 solemniter
987 965 1251 1023 exactus
1297 978 1427 1020 non
1473 956 1668 1021 venit.
1775 957 1863 1019 Et
1906 955 2097 1039 praed.
2146 956 2191 1020 J
2194 955 2473 1019 ohannes
2524 955 2842 1038 Moubray

575 1079 889 1124 summon.
922 1065 1038 1124 etc.
1071 1059 1140 1121 in
1186 1057 1439 1141 propria
1484 1076 1756 1139 persona
1800 1075 1916 1118 sua
1945 1055 2126 1118 venit
2170 1062 2235 1118 et
2271 1055 2488 1137 jungit
2533 1074 2600 1117 se
2644 1055 2837 1136 praed.

575 1160 835 1224 Thomae
891 1160 961 1222 in
1020 1157 1475 1241 respondendo
1584 1154 1740 1219 Ideo
1798 1155 1996 1219 iidem
2055 1155 2327 1218 Thomas
2387 1163 2452 1217 et
2510 1155 2555 1219 J
2558 1153 2840 1217 ohannes

572 1259 863 1342 respond.
926 1258 1065 1322 sine
1124 1262 1243 1321 etc.
1350 1257 1438 1319 Et
1502 1255 1703 1320 iidem
1761 1255 2036 1319 Thomas
2088 1262 2154 1318 et
2218 1256 2263 1320 J
2266 1254 2550 1318 ohannes
2616 1252 2843 1317 dicunt

574 1358 745 1441 quod
775 1358 890 1422 ubi
919 1357 1262 1441 praedictus
1290 1354 1513 1419 Abbas
1543 1354 1837 1438 superius
1879 1355 1949 1417 in
1990 1354 2348 1418 narratione
2391 1372 2507 1417 sua
2536 1352 2842 1437 supponit

571 1458 789 1541 ipsum
859 1456 1185 1520 Abbatem
1258 1461 1324 1519 et
1397 1453 1765 1538 praedecesS.
1835 1474 2000 1532 suos,
2068 1475 2106 1516 a
2168 1462 2454 1536 tempore
2513 1473 2639 1537 quo
2712 1472 2841 1515 non

573 1563 754 1621 extat
782 1556 1102 1632 memoria,
1133 1555 1330 1619 fuisse
1360 1555 1610 1618 seisitos
1648 1554 1727 1618 de
1771 1574 1988 1617 annuo
2023 1554 2282 1619 redditu
2316 1553 2508 1638 praed.
2541 1554 2611 1616 in
2641 1553 2844 1615 forma

574 1655 893 1737 praedicta,
922 1655 1094 1719 idem
1122 1655 1342 1718 Abbas
1374 1661 1440 1718 et
1482 1654 1847 1737 praedecess.
1892 1654 1995 1717 sui
2038 1674 2168 1716 non
2214 1654 2477 1718 fuerunt
2519 1653 2722 1717 seisiti
2766 1652 2845 1716 de

573 1776 719 1819 ann.
752 1755 922 1819 redd.
954 1754 1143 1838 praed.
1183 1776 1222 1818 a
1260 1761 1453 1837 temp.
1488 1774 1617 1837 quo
1661 1774 1792 1817 non
1839 1759 2020 1818 extat
2066 1754 2390 1831 memoria,
2435 1758 2630 1837 prout
2673 1752 2843 1817 idem

574 1854 794 1918 Abbas
839 1855 1131 1938 superius
1176 1854 1429 1939 allegat,
1474 1861 1541 1918 et
1576 1854 1656 1918 de
1699 1853 1821 1918 hoc
1850 1860 2103 1937 ponunt
2133 1874 2201 1917 se
2236 1874 2429 1937 super
2457 1852 2750 1936 patriam,
2780 1860 2848 1915 et

572 1955 763 2039 praed.
795 1955 1012 2018 Abbas
1056 1954 1369 2019 similiter.
1460 1954 1615 2018 Ideo
1661 1962 2003 2037 precantur
2029 1953 2167 2017 Vic'
2198 1954 2369 2036 quod
2401 1953 2621 2016 venire
2652 1952 2847 2016 faciat

572 2054 680 2119 hic
725 2076 762 2119 a
802 2055 905 2119 die
951 2055 1012 2121 S.
1065 2054 1408 2120 Michaelis
1453 2055 1521 2117 in
1567 2076 1658 2118 xv
1709 2055 1864 2133 dieS,
1914 2054 2019 2119 vel
2079 2075 2291 2118 coram
2343 2051 2558 2138 (146b)
2612 2054 2657 2118 J
2661 2053 2845 2117 ustic.

574 2155 726 2218 D'ni
788 2155 978 2239 Regis
1038 2154 1114 2218 ad
1176 2155 1427 2232 assisas,
1478 2155 1548 2217 in
1608 2155 1936 2220 Comitatu
1996 2154 2188 2237 praed.
2241 2175 2374 2237 cap.
2431 2154 2682 2238 assign„
2732 2174 2848 2237 per

572 2254 843 2317 formam
888 2254 1118 2317 statuti
1162 2262 1278 2318 etc.
1327 2255 1453 2319 nisi
1493 2254 1600 2318 die
1648 2255 1845 2317 Lunae
1889 2275 2064 2337 prox.
2101 2261 2248 2336 post
2294 2254 2354 2318 S.
2391 2253 2844 2317 Bartholomaei

572 2354 744 2436 apud
785 2354 971 2417 Ebor.
1020 2354 1196 2436 prius
1243 2354 1555 2429 venerint,
1600 2355 1696 2416 xii
1745 2360 1859 2418 etc.
1907 2374 2021 2436 per
2056 2374 2215 2436 quos
2259 2360 2379 2418 etc.
2467 2355 2555 2417 Et
2585 2355 2697 2437 qui
2728 2373 2843 2416 nec

572 2461 686 2516 etc.
786 2453 888 2515 Ad
934 2473 1178 2536 recogn.
1225 2460 1342 2518 etc.
1450 2454 1618 2530 Quia
1663 2461 1798 2517 tam
1844 2461 1961 2517 etc.
2058 2452 2165 2516 Ad
2211 2473 2406 2536 quam
2453 2452 2844 2536 quindenam

572 2553 632 2618 S.
702 2550 1042 2615 Michaelis
1101 2552 1372 2616 veniunt
1430 2559 1643 2635 partes
1710 2551 2031 2636 praedictae
2090 2573 2205 2635 per
2263 2558 2493 2617 attorn.
2555 2574 2721 2629 ειιοε,
2780 2559 2847 2617 et

570 2650 861 2734 praedicti
904 2653 950 2716 J
955 2652 1137 2714 ustie.
1169 2653 1251 2714 ad
1292 2652 1542 2728 assisas‚
1572 2673 1784 2715 coram
1829 2653 2064 2735 quibus
2110 2659 2227 2716 etc.
2266 2652 2582 2716 miserunt
2624 2652 2730 2716 hic
2776 2654 2844 2716 in

570 2749 901 2814 recordum
933 2771 1122 2814 suum
1154 2752 1220 2813 in
1254 2752 1388 2814 haec
1420 2751 1633 2815 verba.

660 2850 907 2926 Postea,
968 2850 1070 2913 die
1143 2859 1209 2914 et
1279 2850 1418 2914 loco
1492 2851 1664 2914 infra
1738 2852 2078 2928 contentis,
2138 2872 2348 2915 coram
2400 2851 2446 2915 J
2448 2850 2703 2913 ohanne
2764 2850 2845 2913 de

573 2947 892 3031 Moubray
924 2955 989 3012 et
1031 2949 1275 3011 Thoma
1304 2949 1383 3012 de
1416 2949 1706 3033 Ingelby‚
1735 2950 1781 3013 J
1784 2949 1967 3012 ustic.
2000 2949 2082 3013 ad
2127 2950 2358 3013 assisas
2404 2954 2540 3025 etc„
2569 2948 2843 3011 veniunt

572 3053 783 3130 partes
826 3047 997 3110 infra
1041 3047 1354 3112 nominati
1397 3069 1513 3131 per
1551 3055 1780 3113 attorn.
1814 3069 1980 3125 suOS,
2011 3055 2078 3113 et
2105 3049 2405 3113 similiter
2441 3050 2564 3132 jur.
2596 3048 2675 3111 ad
2722 3048 2841 3112 hoc

573 3146 652 3210 de
697 3166 1009 3209 consensu
1052 3146 1334 3228 partium
1380 3146 1604 3211 electi:
1649 3153 1714 3211 et
1751 3148 1874 3231 jur.
1907 3149 2180 3212 veniunt
2223 3148 2338 3232 qui
2383 3149 2611 3213 dicunt
2653 3168 2843 3230 super

572 3266 831 3310 sacram.
893 3265 1082 3308 suum
1142 3246 1313 3328 quod
1373 3247 1718 3330 praedictus
1778 3268 1949 3311 nunc
2008 3249 2230 3312 Abbas
2291 3256 2373 3324 et,
2431 3256 2583 3312 ante
2628 3247 2842 3330 ipsum

572 3345 912 3421 Abbatem,
971 3344 1247 3427 quilibet
1304 3346 1522 3410 Abbas
1594 3347 1721 3410 loci
1796 3347 2008 3430 praed„
2079 3348 2568 3431 praedecessores
2640 3348 2844 3430 ipsius

571 3443 866 3521 Abbatis,
912 3444 991 3507 de
1031 3445 1287 3509 Abbate
1326 3445 1397 3508 in
1445 3446 1788 3524 Abbatem,
1819 3448 2081 3512 fuerunt
2126 3448 2329 3513 seisiti
2370 3449 2449 3513 de
2493 3470 2639 3513 ann.
2670 3447 2842 3512 redd.

573 3542 765 3626 praed.
821 3550 897 3605 ut
943 3542 1023 3606 de
1059 3544 1205 3625 jure
1248 3544 1416 3608 Eccl.
1464 3565 1596 3608 suae
1643 3544 1722 3608 de
1761 3545 2074 3630 Whiteby
2113 3547 2283 3611 infra
2325 3548 2686 3623 nominatae,
2732 3545 2845 3629 qui

571 3661 688 3724 pro
717 3647 1002 3723 tempore
1032 3641 1291 3717 fuerint,
1321 3661 1524 3723 usque
1555 3649 1686 3705 tres
1731 3663 1933 3707 annos
1977 3653 2128 3709 ante
2159 3645 2331 3710 diem
2373 3645 2845 3729 impetrationis

571 3740 782 3804 brevis
827 3739 997 3802 infra
1042 3740 1373 3816 nominati,
1403 3740 1574 3823 quod
1620 3741 1897 3805 Thomas
1943 3742 2022 3807 de
2066 3744 2396 3828 Pikeryng
2439 3746 2609 3807 infra
2638 3744 2844 3807 nomi-

574 3847 766 3903 natus
811 3860 955 3903 ann.
988 3838 1156 3902 redd.
1191 3839 1381 3921 praed.
1428 3839 1596 3903 infra
1626 3860 1794 3904 nom.
1841 3842 2146 3923 praedicto
2192 3864 2364 3907 nunc
2410 3844 2651 3908 Abbati
2697 3843 2846 3907 sub-

572 3939 787 4013 traxit,
819 3945 883 4002 et
914 3938 1199 4003 assident
1229 3938 1507 4022 dampna
1536 3939 1738 4021 ipsius
1770 3940 2040 4003 Abbatis
2072 3943 2399 4006 occasione
2430 3944 2732 4026 praedicta
2763 3942 2844 4005 ad

572 4036 906 4100 dimidiam
950 4059 1245 4102 marcam.
1336 4038 1489 4101 Ideo
1535 4039 2006 4102 consideratum
2052 4048 2151 4103 est
2203 4043 2372 4123 quod
2412 4043 2580 4106 idem
2628 4042 2842 4105 Abbas

570 4146 903 4219 recuperet
932 4158 1152 4200 versus
1183 4157 1330 4200 eum
1376 4158 1521 4201 ann.
1552 4136 1725 4201 redd.
1772 4138 1961 4221 praed.
1995 4159 2141 4201 cum
2188 4160 2471 4224 arrerag„
2516 4148 2650 4204 tam
2695 4150 2845 4205 ante

572 4236 744 4299 diem
788 4236 1256 4319 impetrationis
1301 4237 1512 4300 brevis
1544 4236 1735 4319 praed.
1768 4258 1961 4320 quam
1994 4246 2155 4319 post,
2186 4259 2329 4321 quae
2375 4260 2442 4303 se
2487 4241 2848 4305 extendunt

572 4334 643 4397 in
701 4340 836 4397 toto
890 4334 970 4397 ad
1017 4333 1176 4397 duas
1221 4355 1483 4411 marcaS,
1527 4343 1593 4398 et
1652 4334 1931 4417 dampna
1988 4356 2106 4399 sua
2157 4337 2499 4419 praedicta3
2557 4347 2623 4403 et
2673 4340 2845 4404 idem

572 4434 845 4497 Thomas
875 4433 945 4495 in
975 4431 1404 4496 misericordia
1442 4439 1558 4496 etc.
1650 4434 1736 4496 Et
1779 4453 1972 4517 super
2014 4434 2135 4499 hoc
2180 4435 2352 4499 idem
2385 4437 2605 4503 Abbas
2648 4438 2846 4523 gratis

571 4532 847 4599 remittit
874 4552 1136 4614 arrei-ag.
1169 4539 1234 4595 et
1265 4531 1562 4615 dampna,
1592 4540 1709 4595 etc.
