3254 5140
622 626 746 684 438
978 638 1518 690 CARTULARIUM
1560 638 1962 689 ABBATHIAE
2000 638 2098 688 DE
2134 637 2507 689 WHITEBY.

1259 828 1617 894 000οΧ0.
1668 829 1837 892 ITEM
1871 844 1957 891 na
1987 824 2268 891 EODEM}

711 962 896 1027 Omn.
948 963 1006 1028 S.
1060 965 1297 1030 Matris
1340 964 1508 1029 Eccl.
1557 964 1727 1040 filiis,
1769 970 1903 1028 tam
1949 985 2128 1048 praes.
2162 984 2357 1047 quam
2404 962 2541 1040 fut„
2585 960 2902 1025 Robertus

620 1062 705 1124 fil.
753 1061 1075 1127 Willelmi
1119 1063 1199 1128 de
1243 1065 1585 1141 Aiketona,
1630 1064 1920 1128 salutem.
2014 1063 2245 1127 Sciatis
2290 1082 2512 1126 omnes
2556 1060 2730 1144 quod
2770 1079 2903 1144 ego,

626 1161 941 1227 Robertus
994 1163 1077 1226 fil.
1135 1163 1450 1228 Willelmi
1503 1165 1582 1229 de
1635 1164 1977 1240 Aiketona,
2029 1163 2278 1227 reddidi
2331 1168 2397 1226 et
2449 1160 2661 1244 optuli
2713 1179 2904 1241 super

625 1260 824 1325 altare
870 1262 949 1326 de
995 1262 1263 1347 Witeby
1308 1264 1451 1346 (87)
1495 1264 1637 1328 Deo
1682 1271 1748 1328 et
1779 1263 1837 1328 S.
1870 1263 2061 1327 Petro
2084 1269 2150 1327 et
2182 1263 2240 1327 S.
2274 1260 2510 1338 Hildae,
2540 1258 2904 1324 monachis-

626 1380 752 1443 que
795 1360 947 1424 ibid.
993 1360 1136 1426 Deo
1178 1382 1356 1439 serv,
1385 1363 1608 1427 villam
1654 1363 1734 1427 de
1776 1362 2005 1446 Filing,
2036 1383 2182 1426 cum
2227 1382 2395 1425 omn.
2427 1366 2584 1443 pert.
2619 1358 2794 1436 suis;
2838 1365 2904 1421 et

628 1458 937 1542 quicquid
974 1460 1139 1543 juris
1184 1462 1253 1525 in
1297 1462 1518 1526 eadem
1562 1461 1721 1526 villa
1763 1461 2028 1526 videbar
2069 1462 2302 1525 habere
2353 1481 2457 1544 qu.
2505 1457 2781 1523 clamavi
2825 1456 2905 1520 de

627 1578 730 1621 me
776 1566 842 1622 et
886 1558 965 1623 de
1009 1559 1155 1624 haer.
1206 1562 1364 1625 meis
1412 1560 1717 1626 Ecclesiae
1761 1561 1840 1625 de
1883 1561 2150 1645 Witeby
2193 1560 2264 1623 in
2307 1579 2480 1642 perp.
2526 1563 2595 1621 et
2636 1556 2905 1621 liberam

628 1656 828 1734 elem„
872 1659 1258 1724 concedente
1309 1668 1377 1724 et
1428 1681 1762 1725 assensum
1814 1661 2137 1743 praebente
2187 1657 2518 1723 Willelmo
2568 1656 2701 1720 filio
2746 1674 2905 1718 meo,

631 1757 904 1840 Insuper
940 1778 1091 1823 vero
1128 1760 1346 1842 juravi
1389 1781 1581 1845 super
1623 1760 1842 1838 altare,
1886 1765 1952 1824 et
1981 1780 2173 1844 super
2216 1778 2437 1823 omnes
2474 1762 2907 1821 sacrosanctas

628 1856 930 1939 reliquias
977 1859 1262 1942 ejusdem
1313 1860 1634 1936 Ecclesiae,
1684 1881 1788 1925 me
1840 1880 2173 1943 nunquam
2218 1856 2479 1940 aliquod
2523 1862 2768 1920 rectum
2811 1873 2908 1917 re·

630 1956 1057 2022 clamaturum
1095 1960 1166 2022 in
1196 1980 1493 2043 praenom.
1526 1981 1583 2023 v.
1616 1961 1697 2024 de
1737 1960 1966 2043 Filing,
1997 1979 2205 2042 neque
2237 1957 2518 2039 aliquem
2549 1974 2663 2038 per
2691 1973 2811 2028 me,
2843 1959 2911 2016 et

630 2057 724 2121 ita
772 2059 1140 2122 renuntiavi
1183 2060 1317 2144 juri
1367 2082 1509 2126 meo
1553 2061 1727 2144 quod
1757 2059 2023 2124 videbar
2052 2059 2287 2122 habere
2316 2056 2387 2119 in
2414 2054 2530 2119 illa
2559 2054 2730 2118 villa.
2820 2051 2908 2114 Et

631 2157 853 2222 Abbas
897 2158 1232 2237 Ricardus,
1262 2181 1344 2224 ex
1389 2160 1701 2245 petitione
1751 2181 1912 2240 mea,
1953 2159 2105 2223 ibid.
2153 2178 2364 2223 coram
2415 2155 2602 2220 altari
2655 2173 2907 2219 excom-

632 2258 990 2323 municavit
1041 2280 1261 2325 omnes
1314 2261 1426 2344 qui
1478 2260 1872 2326 antedictam
1924 2259 2150 2323 villam
2210 2278 2249 2321 a
2306 2256 2628 2321 dominica
2685 2273 2910 2317 mensa

632 2358 936 2423 Ecclesiae
975 2360 1415 2438 alienaverint,
1461 2362 1565 2426 vel
1610 2360 1967 2425 Ecclesiam
2012 2360 2090 2423 de
2120 2358 2386 2439 Witeby
2429 2355 2670 2438 injuste
2715 2373 2908 2416 vexa-

634 2458 863 2535 verint,
885 2465 950 2523 et
971 2460 1250 2525 maxime
1273 2460 1420 2524 haer.
1445 2481 1620 2525 meos
1651 2460 1708 2524 si
1731 2480 2018 2543 unquam
2042 2463 2264 2523 contra
2286 2456 2405 2521 hoc
2427 2474 2643 2518 meum
2662 2453 2910 2516 factum

634 2560 1172 2643 praesumpserint.
1265 2561 1414 2625 Hiis
1444 2561 1736 2626 testibus.
1828 2558 2140 2626 Gaufrido
2173 2555 2551 2622 Sacerdote:
2595 2559 2660 2619 et
2690 2552 2849 2618 aliis.

805 2744 1145 2812 000οΧ0
1159 2747 1201 2810 Ι.
1256 2747 1610 2811 RossER'rns
1642 2763 1728 2811 nr.
1759 2745 2178 2812 SmnmanL’
2211 2760 2298 2808 DE
2328 2742 2748 2807 summme..

723 2881 1039 2947 Omnibus
1091 2883 1212 2950 hoc
1263 2906 1377 2949 scr.
1431 2886 1545 2950 vis.
1598 2885 1704 2950 vel
1757 2884 1920 2963 aud„
1962 2882 2333 2949 Willelmus
2384 2879 2468 2942 fil.
2517 2876 2780 2942 Roberti
2834 2877 2915 2940 de

635 2981 1023 3066 Siclinghal'‚
1059 2983 1348 3049 salutem.
1425 2986 1699 3067 Noverit
1734 2985 1905 3048 univ.
1939 2988 2154 3048 vestra
2182 3002 2303 3060 me,
2331 3000 2446 3064 pro
2478 2999 2523 3042 s.
2556 2998 2608 3041 a.
2641 2996 2817 3053 meae,
2848 2983 2917 3040 et

634 3088 1108 3147 antecessorum
1138 3105 1442 3162 meorum,
1474 3085 1632 3163 ded„
1662 3106 1854 3160 conc,
1885 3092 1952 3149 et
1980 3085 2099 3147 hac
2123 3103 2212 3165 pr.
2239 3102 2287 3146 c.
2312 3101 2458 3144 mea
2479 3078 2644 3143 conf.
2678 3077 2817 3139 Deo
2848 3083 2916 3139 et

636 3184 802 3247 Eccl.
838 3184 897 3248 S.
930 3184 1107 3249 Petri
1138 3192 1204 3249 et
1235 3185 1293 3250 S.
1328 3186 1549 3250 Hildae
1579 3186 1659 3249 de
1688 3185 1973 3268 Witeby,
2003 3190 2068 3249 et
2097 3183 2346 3266 Rogero
2375 3177 2618 3243 Abbati
2649 3183 2716 3241 et
2744 3196 2912 3238 mon.

636 3284 787 3348 ibid.
819 3284 960 3349 Deo
991 3305 1167 3362 serv„
1199 3306 1397 3348 unam
1428 3306 1708 3350 marcam
1739 3306 2022 3349 annuam
2055 3303 2249 3367 quam
2279 3279 2600 3364 percipere
2631 3274 2914 3341 solebam

637 3385 719 3448 ab
749 3383 990 3449 eisdem
1019 3385 1276 3449 Abbate
1307 3392 1372 3450 et
1401 3406 1568 3449 mon.
1600 3406 1715 3468 pro
1747 3385 1906 3448 villa
1935 3385 2014 3448 de
2044 3383 2275 3466 Fffing,
2305 3398 2501 3464 quam
2546 3375 2810 3460 quidem
2855 3395 2913 3437 v.

638 3506 754 3569 ego
774 3484 852 3549 de
871 3490 1097 3549 caetero
1117 3486 1393 3549 concedo
1414 3485 1503 3549 eis
1527 3495 1593 3550 et
1615 3486 1920 3550 confirmo
1943 3484 2013 3547 in
2035 3504 2191 3566 pur„
2213 3481 2342 3557 lib.,
2365 3484 2430 3543 et
2446 3498 2619 3560 perp.
2646 3474 2916 3539 elem.—

639 3584 781 3667 (89)
828 3583 934 3647 Ita
983 3584 1245 3666 quidem
1290 3584 1462 3667 quod
1506 3585 1705 3649 michi
1749 3590 1815 3649 et
1855 3584 2000 3648 haer.
2047 3584 2206 3648 meis
2251 3578 2453 3644 nichil
2494 3577 2736 3641 retineo
2788 3574 2918 3638 nisi

640 3684 828 3747 dictae
857 3682 1283 3747 concessionis
1313 3683 1764 3748 defensionem.
1833 3685 1919 3747 Et
1940 3684 2008 3747 in
2031 3683 2226 3766 hujus
2255 3679 2347 3744 rei
2377 3682 2518 3742 test.
2550 3695 2645 3759 pr.
2678 3673 2917 3757 scripto

640 3783 750 3867 sig.
812 3802 1028 3846 meum
1088 3783 1372 3867 apposui.
1488 3783 1638 3847 Hiis
1696 3784 1987 3848 testibus.
2101 3779 2416 3865 Magistro
2476 3778 2520 3841 J
2525 3776 2776 3840 ohanne
2835 3773 2917 3837 de

641 3884 707 3946 N
708 3902 972 3959 euwerc‚
1014 3886 1173 3948 tunc
1218 3882 1493 3947 Officiali
1540 3883 1921 3947 Cleveland’.
2011 3880 2326 3965 Magistro
2364 3877 2640 3961 Hugone
2680 3874 2760 3938 de
2793 3872 2917 3938 Sil-

638 3992 806 4049 tona.
898 3982 1211 4067 Magistro
1241 3983 1483 4047 Thoma
1513 3982 1593 4048 de
1622 3983 2014 4067 Tunebrige:
2059 3988 2125 4045 et
2154 3979 2311 4044 aliis,

1563 4169 2000 4235 CCCCXCII.

730 4308 1047 4375 Omnibus
1106 4306 1222 4370 has
1281 4306 1402 4370 litt.
1457 4308 1573 4371 vis.
1627 4306 1733 4372 vel
1793 4305 1954 4383 aud„
2011 4303 2320 4368 Ricardus
2378 4300 2462 4365 fil.
2518 4297 2778 4364 Richeri
2837 4297 2921 4362 de

643 4405 957 4493 Filynge?
1016 4404 1304 4470 salutem.
1425 4405 1754 4471 Noveritis
1826 4427 1930 4470 me
1990 4404 2242 4469 dedisse
2301 4407 2368 4466 et
2425 4421 2528 4484 qu.
2593 4396 2669 4462 cl.
2731 4396 2913 4460 illam

645 4509 931 4594 placeam
976 4526 1170 4589 quam
1210 4505 1254 4568 J
1259 4503 1541 4570 ohannes
1582 4507 1803 4569 Abbas
1849 4512 1915 4569 et
1960 4504 2158 4569 Conv.
2207 4502 2287 4567 de
2316 4499 2632 4582 Whiteby
2664 4518 2919 4562 conces-

715 4633 734 4669 ¹
772 4632 1092 4701 Essentially
1119 4631 1211 4682 the
1237 4648 1379 4687 same
1404 4650 1461 4685 as
1486 4633 1586 4685 No.
1612 4635 1699 4685 49.
2234 4626 2256 4661 ²
2290 4628 2387 4683 See
2411 4626 2538 4678 Nos.
2576 4626 2689 4683 165,
2729 4622 2844 4678 167.
