3254 5140
780 592 1329 648 CARTULARIUM
1368 596 1772 650 ABBATHIAE
1804 599 1904 650 DE
1939 599 2315 651 WBITEBY.
2564 585 2685 645 657

1064 846 1383 914 DCVIII.
1430 849 1807 933 (Thoresby‚
1840 850 1880 913 f.
1921 847 2120 928 182¹2.)

410 1005 667 1069 ABBATI
698 1023 778 1069 m·
809 1008 1198 1074 Convssnrm
1244 1029 1329 1074 on
1358 1012 1692 1076 ersssv
1736 1029 1825 1076 An
1872 1028 2384 1077 mms‘rRANDtm
2428 1014 2690 1077 TnoMAE

584 1119 670 1166 ns
701 1105 1212 1173 HAstsoAa‘rn
1260 1126 1591 1174 sxpstAs
1630 1127 1753 1176 rao
1783 1127 2085 1175 TEMPORE
2116 1127 2248 1184 Quo
2281 1127 2588 1175 srmnarr
2618 1128 2688 1174 m

584 1219 739 1267 AmA
770 1204 993 1282 Donm,
1023 1222 1103 1270 nr
1132 1224 1222 1271 AD
1253 1224 1677 1273 Auovsnnum
1709 1226 2024 1283 quosnam
2056 1226 2263 1286 Anca,
2293 1225 2380 1273 m·
2410 1224 2629 1272 ΡΑΤΕΤ.

498 1351 543 1415 J
546 1351 832 1416 ohannes
877 1360 996 1419 etc.
1029 1355 1284 1421 dilectis
1314 1357 1464 1422 filiis
1510 1359 1751 1423 Abbati
1797 1365 1863 1423 et
1895 1358 2262 1424 Conventui
2308 1357 2692 1422 Monasterii

411 1447 490 1513 de
530 1450 863 1536 Whiteby‚
908 1458 1141 1518 nostrae
1187 1455 1367 1533 dioc„
1412 1478 1478 1534 s.‚
1522 1478 1611 1541 gr.
1659 1467 1726 1523 et
1772 1457 2303 1523 benedictionem.
2396 1457 2565 1534 Quia
2608 1477 2690 1520 ex

412 1549 603 1613 certis
651 1557 718 1614 et
762 1550 1073 1635 legitimis
1120 1554 1200 1617 de
1244 1556 1455 1620 causis
1500 1577 1617 1621 nos
1662 1557 2092 1631 moventibus,
2122 1557 2433 1621 dilectum
2464 1555 2691 1632 filium,

409 1648 671 1712 fratrem
701 1649 1012 1714 Thomam
1057 1651 1138 1716 de
1184 1653 1652 1738 Haugesgarth,
1690 1655 1981 1738 ejusdem
2027 1655 2258 1719 Mon'ii
2285 1654 2488 1719 vestri
2517 1674 2687 1719 com-

411 1747 815 1824 monachum,
858 1759 1041 1813 extra
1072 1750 1483 1816 Conventum
1512 1761 1801 1818 vestrum
1844 1754 1916 1817 in
1947 1755 2292 1820 Conventu
2336 1753 2564 1817 Mon'ii
2610 1752 2690 1817 de

413 1846 626 1929 Selby,
677 1849 871 1911 vestri
913 1848 1196 1927 Ordinis,
1242 1850 1383 1915 loco
1420 1852 1648 1935 utique
1691 1853 1981 1930 honest0,
2011 1853 2092 1917 ad
2139 1873 2456 1937 expensas
2501 1851 2689 1916 dictae

411 1944 661 2009 Domus
689 1954 939 2023 vestrae,
969 1953 1159 2031 prout
1189 1969 1302 2013 vos
1347 1955 1412 2013 et
1455 1950 1679 2013 Abbas
1710 1950 1868 2014 dicti
1899 1951 2125 2013 Mon’ii
2158 1950 2236 2015 de
2272 1949 2468 2033 Selby
2498 1970 2692 2032 super

412 2043 532 2107 hoc
562 2045 944 2109 concordare
974 2047 1289 2129 poteritis,
1311 2047 1391 2111 de
1414 2047 1872 2112 deliberatione
1901 2048 2168 2130 provida
2212 2069 2327 2131 per
2355 2048 2689 2112 biennium

409 2142 847 2207 ordinavimus
880 2150 1293 2221 moraturum,
1323 2145 1508 2208 vobis
1538 2145 1610 2207 in
1640 2145 1884 2209 virtute
1907 2144 2286 2209 obedientiae
2309 2144 2691 2209 mandamus

411 2242 717 2325 quatinus
762 2243 971 2307 eidem
1016 2243 1275 2307 Thomae-
1320 2263 1636 2326 expensas
1680 2263 1795 2326 pro
1826 2243 2176 2308 esculentis
2221 2248 2287 2308 et
2329 2242 2691 2327 poculentis

410 2342 543 2404 suis
587 2341 659 2405 in
703 2342 994 2425 pecunia,
1037 2342 1391 2406 secundum
1423 2341 1595 2426 quod
1641 2341 1812 2406 inter
1839 2363 1954 2406 vos
2001 2349 2066 2406 et
2096 2342 2339 2405 dictum
2368 2341 2689 2405 Abbatem

409 2440 490 2504 de
521 2440 716 2523 Selby
745 2446 1137 2505 conventum
1181 2440 1397 2518 fuerit,
1440 2440 1695 2505 faciatis
1741 2440 1956 2505 debite
2000 2440 2367 2515 ministrari,
2411 2446 2477 2503 et
2519 2439 2693 2502 ultra

412 2560 726 2624 expensas
758 2540 1133 2623 hujusmodi
1165 2539 1370 2604 eidem
1405 2560 1519 2624 pro
1549 2540 1950 2606 indumentis
1994 2539 2130 2605 suis
2175 2544 2241 2604 et
2284 2538 2429 2604 aliis
2475 2558 2689 2604 neces-

411 2640 595 2703 sariis
620 2640 890 2723 privatis
909 2639 1271 2722 portionem
1295 2639 1587 2723 pecuniae
1618 2639 2087 2716 rationabilem,
2108 2638 2214 2703 vel
2244 2638 2403 2702 alias
2434 2644 2690 2701 tantum

412 2745 733 2821 quantum
785 2737 898 2802 alii
951 2737 1303 2801 confratres
1357 2738 1460 2802 sui
1511 2738 1856 2821 recipiunt,
1907 2759 2024 2821 pro
2083 2744 2369 2820 tempore
2416 2756 2545 2819 quo
2597 2735 2690 2799 sic

411 2837 640 2901 absens
693 2837 907 2914 fuerit,
957 2836 1212 2901 faciatis
1263 2842 1558 2920 prompte
1616 2837 1973 2900 transmitti
2026 2842 2091 2899 et
2143 2835 2359 2899 debite
2417 2834 2692 2910 liberari,

409 2935 630 3000 taliter
676 2956 790 3000 vos
840 2935 1152 2999 habentes
1201 2942 1278 2998 ut
1321 2943 1533 2999 vestra
1575 2934 1940 2999 fraternalis
1985 2933 2246 2999 dilectio
2290 2933 2417 2998 sibi
2460 2933 2529 2997 in
2575 2954 2692 2997 sua

412 3034 705 3099 absentia
755 3044 1015 3099 ostensa
1074 3034 1362 3098 animum
1416 3054 1606 3097 suum
1670 3033 1751 3097 ad
1805 3033 2137 3097 caritatem
2189 3031 2449 3108 alliciat,
2499 3037 2565 3097 et
2615 3039 2692 3096 ut

411 3140 691 3197 vestram
720 3132 1300 3217 promptitudinem
1330 3132 1597 3215 provide
1627 3130 2075 3196 commendare
2097 3131 2326 3195 merito
2348 3130 2690 3195 valeamus.

412 3232 518 3295 Ad
550 3231 706 3309 haec,
735 3232 889 3315 quia
918 3253 998 3296 ex
1042 3230 1355 3295 relatione
1387 3229 1985 3294 commissariorum
2032 3235 2397 3294 nostrorum
2425 3230 2508 3293 ad
2538 3230 2689 3294 visi-

411 3331 685 3395 tandum
714 3331 1184 3395 Monasterium
1213 3328 1594 3413 praedictum
1624 3348 1740 3412 per
1782 3348 1898 3392 nos
1936 3348 2144 3411 nuper
2171 3328 2689 3392 transmissorum

414 3429 758 3495 didicimus
806 3429 979 3513 quod
1025 3448 1203 3492 mora
1254 3427 1410 3491 D'ni
1452 3427 1653 3491 Alani
1699 3426 1778 3490 de
1824 3426 1952 3503 Ak,
1997 3426 2379 3509 Presbyteri,
2423 3447 2689 3491 consan-

411 3529 632 3613 guinei
690 3528 891 3593 vestri
940 3526 1235 3603 Abbatis,
1285 3525 1546 3590 Thomae
1598 3526 1679 3590 de
1731 3524 2000 3590 Lelhom
2045 3532 2112 3589 et
2156 3576 2169 3590 .
2216 3572 2231 3589 .
2278 3575 2292 3590 .
2339 3576 2352 3591 .
2397 3525 2581 3590 vobis
2625 3533 2691 3591 et

412 3629 588 3693 dicto
639 3626 1037 3691 Monasterio
1087 3633 1303 3690 vestro
1355 3632 1456 3691 est
1503 3625 1781 3688 nimium
1833 3622 2074 3701 odiosa,
2116 3631 2184 3688 et
2235 3624 2406 3689 inter
2447 3645 2563 3690 vos
2606 3646 2686 3690 ex

414 3728 744 3794 occasione
773 3727 1087 3810 injurium
1116 3746 1248 3791 non
1276 3726 1602 3790 modicum
1633 3723 1923 3801 inolevit,
1951 3723 2032 3787 ad
2077 3723 2435 3789 tollendum
2480 3725 2690 3789 omnis

414 3827 833 3892 dissensionis
877 3826 1230 3902 materiam,
1261 3832 1329 3890 et
1373 3846 1451 3889 ex
1485 3824 1633 3887 aliis
1663 3823 1875 3888 causis
1905 3822 2232 3907 legitimis,
2260 3823 2580 3901 volumus,
2623 3832 2691 3890 et

414 3927 599 3991 vobis
646 3928 718 3991 in
769 3927 1012 3991 virtute
1072 3925 1455 3990 obedientiae
1514 3923 1786 3987 firmiter
1857 3923 2252 4008 injungendo
2310 3923 2690 3990 mandamus

415 4026 722 4109 quatinus
782 4024 1122 4108 praefatum
1194 4023 1437 4086 D’num
1503 4022 1809 4099 Alanum,
1867 4022 2196 4098 Thomam,
2257 4026 2325 4085 et
2369 4071 2687 4101 ......

415 4124 655 4201 statim,
684 4124 842 4188 visis
888 4121 1329 4206 praesentibus,
1373 4141 1412 4185 a
1452 4120 1631 4184 dicto
1673 4119 1747 4184 M
1754 4120 2022 4184 onast’io
2065 4125 2279 4185 vestro
2321 4123 2689 4200 amoveatis,

415 4222 580 4298 illos,
623 4221 731 4287 vel
772 4222 1034 4285 illorum
1082 4219 1384 4302 aliquem,
1431 4218 1514 4282 ad
1561 4217 1941 4282 morandum
1985 4219 2158 4283 inter
2185 4239 2318 4295 vos,
2347 4220 2469 4284 sub
2497 4241 2690 4304 poena

415 4320 837 4385 districtionis
889 4318 1230 4395 canonicae,
1274 4316 1650 4381 nullatenus
1694 4317 2057 4395 admissuri,
2099 4325 2291 4401 prout
2327 4340 2442 4402 per
2483 4320 2689 4386 dictos

417 4419 902 4485 Commissarios
933 4423 1202 4494 nostros,
1231 4416 1387 4480 dum
1431 4435 1642 4498 nuper
1682 4415 1854 4499 apud
1886 4437 2002 4481 vos
2045 4416 2411 4495 extiterant,
2453 4418 2524 4482 in
2567 4420 2689 4485 hac

414 4525 595 4603 parte
625 4519 836 4583 fuerat
866 4519 1251 4595 ordinatum,
1281 4516 1707 4581 certificantes
1736 4536 1853 4581 nos
1882 4523 2242 4601 opportuno
2277 4525 2565 4602 tempore
2610 4517 2691 4581 de
