3254 5140
825 623 1370 677 CARTULARIUM
1409 623 1815 676 ABBATHIAE
1852 625 1951 677 DE
1988 625 2360 679 WHITEBY.
2553 691 2562 705 ο
2612 618 2729 676 481

459 790 654 853 fuerit
684 797 750 854 et
778 810 1046 867 annexa,
1071 797 1137 853 et
1169 789 1401 853 Custos
1433 797 1499 853 et
1526 789 1753 854 vicarii
1786 790 2036 854 fructus
2067 791 2267 875 ejusd
2300 792 2447 856 eccl.
2478 793 2740 876 pacifice

459 887 882 972 perceperint,
912 887 994 951 ad
1026 888 1068 951 f.
1103 887 1162 952 S.
1197 887 1518 951 Martini
1499 909 1569 950 m
1597 908 1783 1012 yeme
1828 887 2098 971 singulis
2144 890 2331 953 annis
2373 892 2740 1003 persolvent

458 987 631 1071 apud
676 988 884 1064 Ebor„
913 1007 1027 1070 per
1057 987 1261 1051 nostri
1306 987 1613 1071 praecepti
1658 988 1704 1050 s'
1708 1009 1881 1052 mam
1927 988 2471 1072 condempnemus
2511 990 2581 1053 in
2612 990 2738 1054 hiis

460 1086 736 1170 scriptis.
828 1087 910 1150 In
955 1107 1227 1169 quorum
1275 1087 1567 1150 omnium
1617 1093 1763 1152 test.
1809 1087 1924 1170 sig.
1970 1095 2261 1151 nostrum
2312 1090 2739 1172 praesentibus

458 1186 890 1269 apposuimus
979 1187 1226 1250 Datum
1257 1185 1466 1269 quoad
1497 1186 1951 1269 appensionem
1983 1188 2094 1270 sig.
2128 1188 2329 1251 nostri
2358 1188 2603 1253 decimo
2634 1189 2737 1253 die

460 1285 698 1349 mensis
727 1285 773 1349 J
777 1284 918 1349 unii
950 1285 1112 1350 A.D.
1143 1284 1527 1368 supradicto.

1423 1519 1770 1584 DXLVII.

552 1656 819 1721 Constet
876 1657 1178 1721 omnibus
1238 1657 1577 1722 manifeste
1638 1658 1807 1741 quod
1869 1659 2139 1724 ecclesia
2190 1659 2270 1724 de
2331 1661 2739 1745 Skirpenbek

461 1757 704 1842 Abbati
756 1763 825 1821 et
877 1757 1077 1822 ConV.
1127 1756 1205 1820 de
1254 1757 1533 1841 Whitby
1584 1763 1686 1821 est
1744 1763 2005 1822 onerata
2056 1759 2127 1821 in
2186 1760 2465 1843 quadam
2525 1781 2742 1824 annua

462 1856 773 1940 pensione
823 1856 1016 1920 unius
1064 1877 1294 1920 marcae
1347 1855 1616 1940 argenti,
1661 1863 1729 1921 et
1776 1856 1845 1919 in
1898 1859 2300 1941 possessione
2344 1860 2742 1943 percipiendi

463 1955 734 2019 eandem
782 1956 1111 2040 recognita
1156 1977 1270 2040 per
1321 1956 1643 2039 quendam
1689 1956 2053 2020 Walterum
2106 1957 2186 2022 de
2235 1959 2741 2043 Bridelingtona,

462 2062 618 2119 tunc
650 2056 990 2120 Rectorem
1021 2055 1326 2139 ejusdem,
1356 2076 1470 2139 per
1498 2055 2008 2119 instrumentum
2038 2058 2388 2140 publicum.

553 2179 769 2243 Simili
812 2180 1002 2243 modo
1042 2179 1335 2244 Ecclesia
1365 2180 1442 2244 de
1489 2180 1883 2263 Slengeseby
1914 2187 2013 2245 est
2057 2188 2319 2246 onerata
2347 2183 2419 2246 in
2463 2184 2740 2266 quadam

465 2299 680 2342 annua
754 2279 1063 2362 pensione
1137 2279 1331 2342 unius
1404 2299 1636 2342 marcae
1711 2279 1961 2362 argenti
2047 2301 2163 2363 per
2236 2281 2742 2347 instrumentum

464 2379 797 2462 publicum
848 2400 964 2462 per
1010 2399 1240 2443 manus
1294 2379 1595 2463 Magistri
1640 2379 1945 2443 Nicholai
1999 2379 2077 2445 de
2118 2381 2370 2466 Feriby,
2413 2383 2739 2466 quondam

467 2478 756 2541 Rectoris
786 2479 1094 2561 ejusdem,
1112 2486 1178 2542 et
1199 2499 1313 2561 per
1334 2478 1659 2561 quendam
1678 2478 1990 2542 Thomam
2016 2479 2095 2543 de
2119 2481 2380 2565 Riseby,
2406 2483 2738 2547 Rectorem

468 2578 757 2661 ejusdem
787 2578 1088 2643 ecclesiae.

553 2704 723 2766 Item
771 2703 982 2786 portio
1029 2703 1329 2787 Magistri
1377 2704 1423 2767 J
1425 2702 1700 2767 ohannis
1732 2702 1812 2767 de
1843 2703 2163 2780 Clifforth,
2212 2706 2502 2769 Rectoris
2546 2706 2742 2771 unius

463 2802 775 2885 portionis
800 2802 948 2866 eccl.
974 2801 1054 2865 de
1077 2802 1300 2865 Hoton
1326 2801 1598 2878 Bussell,
1622 2809 1721 2866 est
1749 2803 2158 2886 pensionaria
2180 2804 2373 2868 dictis
2405 2805 2743 2889 Religiosis

465 2901 535 2964 in
567 2922 656 2963 xx
690 2900 799 2965 sol.
821 2901 1088 2984 argenti,
1106 2901 1176 2963 in
1202 2921 1332 2983 qua
1356 2900 1620 2983 quidem
1644 2901 1951 2984 pensione
1975 2903 2197 2966 extitit
2217 2904 2744 2987 condempnatus,

467 3008 542 3064 ut
569 3007 752 3083 patet
780 3021 895 3084 per
925 3000 1429 3064 instrumentum
1459 2999 1798 3083 publicum
1825 3000 1980 3065 inde
2011 3002 2391 3065 confectum.

556 3127 726 3190 Item
757 3126 958 3190 altera
986 3126 1199 3209 portio
1230 3125 1519 3208 ejusdem
1551 3125 1852 3191 ecclesiae.

557 3251 725 3314 Item
764 3251 986 3334 pensio
1017 3271 1233 3314 annua
1262 3250 1552 3314 dimidiae
1583 3250 1824 3314 markae
1866 3251 1946 3314 de
1976 3250 2126 3315 eccl.
2157 3251 2238 3315 de
2271 3251 2507 3316 Sutton
2553 3273 2747 3337 super

469 3351 795 3428 Derwent,
826 3351 1021 3415 dictis
1057 3350 1399 3436 Religiosis
1429 3350 1661 3426 debita,
1695 3356 1795 3414 est
1840 3356 2213 3434 recuperata
2253 3372 2367 3434 per
2403 3353 2744 3435 judicium,

472 3455 544 3513 ut
572 3455 753 3534 patet
783 3451 851 3514 in
884 3451 1073 3514 tertio
1105 3451 1259 3513 folio
1290 3450 1487 3533 hujus
1516 3448 1668 3512 libri
1699 3450 1882 3514 infra.

620 3711 999 3777 DXLVIII.
1046 3712 1233 3796 (144)
1278 3712 1806 3775 AnvocA'nosz
1839 3728 2166 3776 nccnsssm
2198 3729 2281 3775 DE
2314 3714 2588 3778 SUTTON.

560 3872 720 3937 Haec
751 3872 1114 3949 indentura‚
1132 3874 1305 3937 facta
1335 3873 1504 3936 inter
1534 3873 1892 3956 Religiosos
1917 3874 2104 3951 viros,
2129 3875 2451 3938 Abbatem
2483 3882 2549 3938 et
2579 3876 2746 3940 Con-

472 3979 740 4035 ventum
768 3972 846 4036 de
870 3972 1200 4056 Whiteby,
1225 3994 1305 4036 ex
1337 3980 1510 4057 parte
1535 3993 1686 4048 una,
1709 3980 1775 4037 et
1803 3974 1848 4038 J
1853 3973 2171 4036 ohannem
2197 3974 2405 4037 filium
2428 3975 2746 4040 Willelmi

471 4072 551 4134 de
602 4072 940 4154 Moubray,
986 4093 1064 4135 ex
1117 4072 1335 4150 altera,
1388 4077 1665 4136 testatur
1712 4072 1885 4155 quod
1939 4073 2097 4136 dicti
2143 4073 2364 4137 Abbas
2414 4082 2479 4137 et
2528 4074 2748 4153 Conv.,

472 4172 768 4235 unanimi
813 4192 1076 4236 assensu
1121 4180 1187 4236 et
1232 4192 1568 4249 consensu,
1597 4193 1713 4255 pro
1759 4172 2183 4256 quadraginta
2227 4174 2457 4238 marcis
2503 4175 2746 4241 eisdem

472 4291 587 4353 per
616 4271 864 4334 dictum
895 4270 940 4334 J
942 4271 1261 4334 ohannem
1292 4271 1362 4333 in
1386 4271 1670 4333 maxima
1693 4272 2094 4348 necessitate,
2118 4279 2184 4336 et
2212 4293 2328 4355 pro
2360 4272 2746 4340 relevatione

475 4369 665 4433 dictae
695 4370 923 4433 domus
954 4391 1104 4445 suae,
1135 4391 1264 4453 prae
1300 4370 1601 4434 manibus
1632 4371 1994 4453 persolutiS,
2017 4381 2473 4437 concesserunt
2503 4381 2569 4438 et
2599 4396 2747 4439 con-

475 4469 892 4533 firmaverunt
949 4471 1214 4552 praefato
1273 4471 1564 4534 Johanni
1625 4471 2113 4536 advocationem
2165 4472 2315 4538 eccl.
2371 4473 2450 4537 de
2511 4474 2747 4540 Sutton

474 4589 668 4653 super
719 4569 1045 4647 Derwent,
1097 4590 1246 4634 cum
1293 4570 1845 4653 pert.—Habend.
1896 4578 1964 4637 ct
2006 4578 2134 4637 ten.
2185 4573 2391 4637 eidem
2441 4573 2487 4637 J
2491 4573 2747 4653 ohaam,
