3254 5140
708 637 1250 689 GARTULARIUM
1280 638 1685 690 ABBATHIAE
1719 639 1816 689 DE
1849 639 2219 690 WHITEBY.
2483 627 2604 684 489

333 800 487 863 dum
519 792 900 884 qualit-atem
930 812 995 866 et
1042 812 1331 867 naturam
1382 804 1870 887 praemissorum,
1902 805 2170 868 formam
2201 813 2267 867 et
2312 804 2609 866 effectum

332 900 782 982 praedictarum
833 901 1191 967 litterarum
1221 903 1759 986 Apostolicarum,
1790 912 1856 967 et
1900 911 2347 967 contentorum
2386 902 2455 964 in
2501 900 2614 975 eis,

332 999 581 1063 faciatis
656 1000 825 1083 parti
848 1001 872 1039 ¹
939 1002 1255 1066 dictorum
1331 1002 1622 1066 d'norum
1692 1023 1978 1067 meorum
2051 1002 2120 1065 in
2186 1001 2483 1065 omnibus
2549 1007 2615 1063 et

332 1100 603 1183 singulis
626 1101 903 1183 justitiae
927 1103 1477 1186 complimentum.
1572 1103 1731 1167 Haec
1763 1103 1923 1181 dioc,
1942 1122 2245 1186 propon0,
2264 1107 2329 1166 et
2348 1100 2613 1184 probare

329 1198 617 1275 intend0‚
667 1221 741 1264 ac
793 1208 959 1284 pet0,
1004 1202 1405 1284 conjunctim
1457 1209 1524 1265 et
1575 1201 1856 1279 divisim,
1916 1201 2211 1278 addendi,
2263 1198 2615 1273 minuendi,

331 1296 715 1375 declarandi,
746 1306 811 1362 et
841 1301 1017 1363 omni
1047 1300 1172 1364 alio
1192 1301 1354 1382 juris
1385 1301 1691 1364 beneficio
1722 1301 1890 1384 parti
1913 1298 1936 1337 ¹
1982 1300 2297 1364 dictorum
2322 1299 2613 1362 d'norum

332 1417 638 1474 meorum,
684 1419 798 1481 per
827 1400 1043 1463 omnia
1087 1420 1340 1483 semper
1377 1400 1573 1476 salv0,
1617 1399 1826 1464 officio
1854 1406 2067 1464 vestro
2117 1399 2450 1463 humiliter
2493 1399 2613 1460 im-

333 1496 583 1580 plorato
629 1518 821 1581 super
872 1499 1172 1563 omnibus
1218 1506 1285 1564 et
1335 1499 1606 1583 singulis
1653 1499 2016 1582 praemissiS,
2047 1495 2503 1582 super'quibus
2548 1504 2615 1561 et

335 1604 527 1680 prout
556 1598 909 1661 secundum
955 1619 1173 1663 eorum
1220 1599 1601 1682 qualitatem
1647 1599 1843 1663 fuerit
1887 1598 2377 1683 implorandum.
2470 1596 2613 1674 Quo

334 1695 604 1759 articulo
635 1703 701 1760 et
742 1704 927 1780 parte
947 1695 969 1733 ¹
1015 1697 1337 1762 dictorum
1383 1697 1851 1782 Religiosorum
1879 1719 1995 1782 per
2039 1719 2157 1762 nos
2190 1697 2487 1762 admissis
2532 1696 2613 1760 ad

334 1795 774 1878 probationem
833 1798 1122 1862 veritatis
1198 1819 1278 1863 ex
1347 1806 1529 1882 parte
1605 1819 1723 1861 sua
1783 1805 2225 1882 suggestorum
2291 1796 2614 1881 praedictae

335 1895 766 1960 Sacrosanctae
797 1896 947 1961 Sedi
979 1897 1388 1981 Apostolicae,
1417 1905 1610 1982 prout
1640 1898 1709 1960 in
1741 1898 2109 1961 memoratis
2140 1897 2372 1962 litteris
2404 1896 2614 1979 expri-

336 2001 620 2072 muntur,
650 1994 952 2061 Johanne
998 1997 1077 2060 de
1111 1997 1424 2072 Wicham,
1469 1996 1677 2080 ipsius
1719 1996 1870 2060 eccl.
1903 1997 2185 2073 Rectore,
2215 1996 2505 2079 legitime
2550 2000 2617 2059 et

332 2095 755 2178 peremptorie
800 2096 997 2160 citato
1029 2098 1108 2160 ad
1153 2096 1643 2181 proponendum
1689 2095 1997 2179 quicquid
2039 2096 2421 2160 canonicum
2471 2115 2615 2178 pro·

332 2215 569 2278 ponere
627 2195 842 2271 vellet,
916 2197 972 2260 si
1048 2196 1218 2279 quod
1279 2196 1402 2259 sibi
1465 2202 1876 2279 competeret,
1935 2195 2007 2258 in
2080 2195 2446 2279 praemissiS,
2503 2202 2618 2257 aut

332 2294 650 2376 quomodo
722 2295 885 2360 libet
958 2304 1180 2360 contra
1246 2318 1337 2372 ea,
1405 2316 1601 2379 quare
1665 2294 1903 2358 dictam
1976 2295 2123 2360 eccl.
2187 2294 2615 2378 parochialem

334 2394 522 2475 (150)
569 2395 648 2458 de
698 2395 957 2459 Semara
1001 2395 1343 2459 concedere
1387 2395 1673 2479 praesatis
1736 2394 2076 2479 Religiosis
2128 2395 2197 2457 in
2259 2415 2414 2458 usus
2467 2414 2617 2458 suos

334 2493 625 2577 proprios
655 2494 1010 2558 secundum
1042 2496 1312 2558 formam
1344 2500 1409 2558 et
1440 2494 1739 2558 effectum
1773 2494 2094 2558 dictarum
2131 2494 2515 2569 litterarum,
2545 2515 2619 2557 ac

337 2593 554 2656 omnia
584 2593 710 2656 alia
738 2595 809 2657 in
839 2594 1080 2659 eisdem
1111 2601 1432 2670 contenta,
1464 2596 1672 2658 facere
1702 2601 1766 2657 et
1797 2595 2028 2678 exequi
2061 2595 2328 2658 minime
2360 2594 2616 2659 debere-

338 2713 501 2770 mus
528 2694 935 2777 proposituro
965 2714 1082 2779 pro
1115 2695 1390 2758 termino
1428 2694 1857 2778 peremptorio
1889 2701 1953 2758 et
1983 2694 2245 2778 praeciso
2287 2701 2352 2758 et
2381 2695 2620 2772 futuro,

336 2796 401 2855 et
441 2792 711 2856 ulterius
757 2794 839 2856 ad
881 2814 1106 2858 omnes
1148 2800 1214 2857 et
1261 2794 1548 2878 singulos
1594 2800 1775 2857 actus
1821 2794 2351 2878 qualitercunque
2397 2795 2618 2858 subse-

335 2898 625 2973 quentes,
674 2900 867 2975 prout
919 2900 984 2957 et
1036 2892 1343 2975 quatinus
1397 2893 1479 2957 ad
1532 2914 1682 2956 eum
1737 2893 2072 2970 attinebat,
2126 2894 2181 2958 si
2223 2914 2341 2957 sua
2384 2893 2620 2957 viderit

335 2988 643 3055 interesse
669 3014 683 3055 :
727 2992 843 3075 qui
872 2992 1077 3056 nichil
1109 2993 1493 3056 canonicum
1523 3001 1746 3057 contra
1789 2993 2117 3076 praemissa
2146 2994 2479 3077 proposuit
2508 2993 2619 3058 sed

337 3089 571 3172 saepius
640 3091 712 3154 in
768 3111 1074 3175 processu
1135 3092 1293 3156 dicti
1359 3092 1601 3175 negotii
1667 3092 2074 3156 renunciavit
2143 3112 2490 3174 proponere
2550 3092 2617 3155 in

335 3189 699 3272 praemissis,
744 3198 810 3255 et
854 3192 1172 3275 quomodo
1233 3192 1395 3256 libet
1440 3198 1663 3256 contra
1723 3211 1815 3265 ea,
1862 3199 1926 3254 et
1968 3190 2298 3273 productis
2344 3191 2620 3253 testibus

339 3309 451 3371 per
492 3297 742 3373 partem
786 3286 1055 3356 eandem
1104 3312 1315 3356 coram
1362 3291 1654 3355 discretis
1703 3290 1879 3366 viris,
1926 3289 2255 3372 Magistris
2305 3288 2619 3370 Dyonisio

338 3389 610 3466 Avenel,
642 3390 918 3454 Officiali
951 3390 1162 3454 Curiae
1194 3397 1427 3454 nostrae
1447 3390 1655 3465 Ebor.,
1673 3395 1739 3452 et
1768 3389 1813 3453 J
1817 3387 2067 3451 ohanne
2093 3387 2172 3450 de
2195 3385 2620 3461 Wodehouse,

340 3487 628 3570 ejusdem
681 3488 991 3553 Officialis
1042 3488 1832 3573 commissario-generali,
1880 3488 2115 3570 quibus
2160 3486 2228 3549 in
2276 3486 2395 3550 hac
2439 3493 2621 3568 parte

338 3586 511 3651 vices
532 3594 778 3653 nostras
798 3588 1236 3653 commisimus
1256 3589 1374 3653 sub
1394 3588 1513 3652 hac
1533 3587 1738 3652 forma
1749 3585 2244 3661 z—Willelmu8‚
2263 3607 2321 3668 p.
2347 3584 2406 3648 d.
2432 3585 2619 3648 Ebor.

340 3685 737 3769 Archiep'us,
783 3686 1033 3771 Angliae
1089 3688 1355 3766 Primas,
1408 3687 1662 3750 dilectis
1708 3686 1880 3761 filiis,
1926 3684 2257 3768 Magistris
2306 3682 2621 3767 Dyonisio

341 3785 613 3861 Avenel,
643 3785 910 3850 official.
947 3786 1156 3851 Curiae
1188 3795 1421 3850 nostrae
1452 3786 1657 3860 Ebor.,
1681 3794 1747 3849 et
1774 3785 1819 3848 J
1823 3784 2061 3848 ohanni
2097 3783 2175 3847 de
2199 3781 2623 3856 Wodehouse,

341 3883 632 3966 ejusdem
684 3883 993 3948 Officialis
1059 3882 1842 3967 Commissario—generali,
1887 3882 2018 3957 sal„
2068 3902 2154 3965 gr.
2206 3888 2273 3944 et
2325 3879 2621 3944 benedic-

338 3984 601 4048 tionem.
721 3985 824 4049 De
885 3986 1116 4050 vestris
1183 3986 1496 4050 fidelitate
1557 3993 1622 4048 et
1687 3983 2006 4048 industria
2077 3982 2468 4046 confidentes
2539 3982 2621 4045 ad

340 4084 752 4162 audiendum,
794 4085 1306 4169 cognoscendum
1351 4093 1417 4149 et
1461 4084 1954 4168 procedendum,
2000 4090 2065 4146 et
2109 4080 2492 4145 nominatim
2538 4080 2619 4143 ad

339 4184 782 4268 recipiendum
827 4193 893 4248 et
946 4184 1447 4249 examinandum
1502 4204 1722 4247 omnes
1769 4190 1835 4247 et
1879 4181 2166 4265 singulos
2218 4188 2415 4245 testes
2461 4200 2620 4262 quos

342 4291 409 4348 et
454 4291 611 4368 quot
657 4285 1035 4349 Procurator
1094 4285 1564 4369 Religiosorum
1625 4284 1926 4358 virorum,
1985 4281 2262 4345 Abbatis
2326 4287 2394 4344 et
2454 4281 2622 4344 Con-

339 4389 575 4447 ventus
651 4385 1036 4448 Monasterii
1111 4385 1191 4448 de
1263 4383 1591 4466 Whiteby,
1673 4388 1905 4446 nostrae
1985 4378 2202 4465 (150b)
2286 4380 2622 4453 diocesem,

336 4484 772 4569 procuratorio
816 4484 1078 4548 nomine
1124 4484 1492 4558 eorundem,
1540 4483 1886 4565 producere
1929 4481 2208 4546 voluerit
2252 4481 2323 4544 in
2368 4479 2622 4563 negotio

683 4619 701 4653 ¹
739 4620 1055 4673 Uncertain.
1134 4621 1377 4671 Another
1398 4618 1615 4687 reading
1643 4619 1814 4687 might
1837 4619 1903 4670 be
1928 4621 2080 4684 preci,
2108 4634 2265 4682 prece.
