3254 5140
553 556 677 618 478
924 573 1467 624 CARTULARIUM
1509 573 1911 624 ABBATHIAE
1948 574 2048 624 DE
2082 560 2481 625 WfflTEBY.'

638 736 823 813 Item,
854 736 898 799 J
901 736 1183 801 ohannes
1229 736 1497 800 Hobson
1529 737 1608 801 de
1653 738 1968 822 Dunsley,
1999 739 2066 801 in
2099 740 2137 801 f.
2172 738 2631 822 Apostolorum
2677 726 2827 801 'Phi-

548 833 711 917 lippi
742 842 808 898 et
837 837 882 901 J
886 835 1084 912 acobi,
1113 834 1268 899 fecit
1313 835 1683 920 homagium
1714 837 1886 900 dicto
1919 836 2162 900 Abbati
2206 858 2321 920 pro
2367 837 2609 901 eisdem
2650 844 2827 901 tene-

548 934 800 1011 mentis,
830 955 997 998 anno
1037 935 1247 1016 praed„
1277 934 1345 996 in
1383 936 1725 1017 praesentia
1756 935 2020 999 Roberti
2059 935 2515 1019 Midilsburgh,
2547 935 2828 1012 Monici3

546 1032 592 1095 J
594 1032 864 1096 ohannis
897 1033 1141 1110 Gower,
1171 1033 1445 1112 Balh'vi3
1488 1034 1750 1098 Ricardi
1795 1035 2083 1117 Layson3
2128 1036 2302 1099 Petri
2333 1035 2414 1098 de
2444 1034 2730 1109 Chaum’,
2761 1041 2829 1097 et

547 1130 727 1210 aliis3
770 1139 837 1196 et
867 1132 1047 1196 dabit
1080 1153 1288 1196 rosam
1317 1133 1580 1196 rubeam
1611 1133 1681 1196 in
1712 1135 1752 1196 f.
1785 1134 1830 1198 J
1833 1134 2104 1198 ohannis
2150 1136 2334 1218 Bapt.
2367 1134 2535 1197 D'no
2566 1133 2827 1210 Abbati,

546 1237 874 1393 eAtbklmum
931 1253 1049 1315 par
1106 1232 1424 1296 calcatum
1479 1233 1549 1295 in
1610 1233 1650 1294 f.
1707 1232 1769 1297 S.
1824 1233 2041 1309 Mioh„
2092 1233 2164 1295 in
2216 1233 2366 1297 aula
2412 1234 2516 1298 vel
2576 1253 2826 1296 camera

696 1331 836 1394 atis.

1537 1516 1838 1578 DXLIV.

632 1651 1001 1727 Edwardus,
1047 1651 1125 1713 D.
1165 1650 1239 1716 G.
1274 1651 1409 1716 Rex
1456 1652 1712 1736 Angliae
1757 1660 1822 1716 et
1865 1653 2171 1730 Franciae,
2216 1653 2423 1717 D'nus
2472 1654 2822 1736 Hybemiae

545 1757 611 1813 et
662 1750 817 1813 Dux
865 1750 1252 1833 Aquitaniae,
1297 1751 1594 1814 omnibus
1646 1751 1729 1814 ad
1773 1772 1933 1834 quos
1981 1773 2072 1836 pr.
2119 1752 2243 1816 litt.
2292 1773 2484 1835 perv„
2529 1752 2821 1816 salutem.

544 1850 725 1913 Licet
770 1849 848 1912 de
893 1850 1217 1912 communi
1269 1851 1532 1914 consilio
1583 1851 1763 1934 regni
1817 1852 2022 1915 nostri
2066 1851 2321 1935 Angliae
2367 1857 2685 1915 statutum
2738 1852 2824 1916 sit

542 1950 715 2032 quod
745 1970 875 2013 non
897 1949 1088 2013 liceat
1113 1949 1263 2013 viris
1296 1949 1653 2034 Religiosis,
1677 1971 1789 2014 seu
1812 1951 1974 2028 ah'jS,
1996 1950 2247 2035 ingredi
2270 1950 2530 2015 feodum
2550 1950 2821 2034 alicujus

542 2048 635 2112 ita
666 2049 838 2132 quod
880 2050 950 2112 in
995 2071 1257 2113 manum
1303 2058 1624 2113 mortuam
1657 2050 1971 2127 deveniat,
2002 2051 2140 2115 sine
2184 2050 2448 2114 licentia
2493 2058 2726 2128 nostra,
2757 2058 2823 2114 et

543 2148 836 2231 capitalis
868 2149 1003 2213 d’ni
1032 2149 1202 2213 feodi
1232 2149 1311 2213 de
1340 2170 1467 2232 quo
1509 2171 1608 2213 res
1654 2150 1770 2213 illa
1811 2150 2182 2214 immediate
2226 2157 2502 2224 tenetur,
2532 2149 2822 2214 volentes

542 2255 759 2312 tamen
820 2248 1089 2313 Custodi
1140 2248 1369 2312 domus
1421 2249 1804 2312 vicariorum
1863 2256 1928 2313 et
1979 2249 2233 2312 vicariis
2293 2249 2462 2313 Eccl.
2518 2249 2592 2313 B.
2644 2249 2822 2313 Petri

542 2348 727 2411 Ebor.
758 2348 1028 2432 gratiam
1067 2348 1272 2412 facere
1309 2348 1668 2431 specialem,
1698 2350 2126 2412 concessimus
2171 2355 2238 2412 et
2281 2348 2612 2412 licentiam
2642 2348 2820 2413 dedi-

543 2467 704 2522 mus,
747 2467 862 2529 pro
909 2447 1092 2510 nobis
1138 2454 1204 2510 et
1247 2446 1395 2510 haer.
1432 2448 1688 2522 nostriS,
1719 2454 2038 2530 quantum
2081 2448 2150 2511 in
2195 2448 2379 2512 nobis
2425 2455 2539 2525 est,
2587 2447 2820 2512 dilecto

543 2544 725 2608 nobis
769 2545 838 2608 in
880 2544 1137 2609 Christo
1178 2545 1422 2609 Abbati
1468 2545 1546 2609 de
1576 2545 1907 2630 Whiteby,
1936 2547 2109 2630 quod
2153 2546 2291 2630 ipse
2335 2546 2821 2612 advocationem

541 2645 822 2709 ecclesiae
866 2644 946 2708 de
994 2645 1463 2728 Huntyngton¹
1501 2647 1695 2728 juxta
1738 2646 1924 2711 Ebor.
1957 2646 2106 2711 dare
2149 2648 2354 2729 possit
2395 2653 2461 2711 et
2497 2648 2820 2731 assignare

541 2744 825 2827 praefatis
877 2743 1127 2807 custodi
1179 2750 1246 2807 et
1296 2744 1932 2809 vicariis—Habend.
1982 2754 2047 2810 et
2098 2755 2224 2810 ten.
2271 2747 2393 2810 sibi
2439 2754 2506 2810 et
2549 2767 2817 2811 success.

541 2843 674 2906 suis
720 2842 799 2907 de
843 2842 1098 2925 capital.
1143 2842 1306 2906 d’nis
1349 2842 1523 2907 feodi
1567 2844 1762 2920 illius,
1808 2865 1922 2927 per
1971 2846 2232 2908 servitia
2284 2845 2435 2909 inde
2487 2846 2704 2909 debita
2757 2852 2821 2909 et

541 2949 861 3017 consueta,
904 2942 975 3005 in
1022 2941 1340 3005 auxilium
1385 2943 1872 3006 sustentationis
1918 2964 2139 3008 eorum
2184 2944 2698 3027 imperpetuum3
2755 2952 2821 3008 et

541 3040 782 3105 eisdem
841 3041 1090 3106 custodi
1151 3048 1217 3106 et
1273 3041 1526 3104 vicariis
1585 3040 1757 3124 quod
1815 3041 1941 3125 ipsi
2000 3041 2484 3105 advocationem
2544 3042 2732 3125 praed.
2781 3063 2820 3105 a

542 3142 806 3223 praefato
845 3142 1101 3206 Abbate
1144 3140 1439 3223 recipere,
1468 3147 1534 3204 et
1578 3140 1726 3204 eccl.
1759 3140 1940 3205 illam
1985 3141 2410 3224 appropriare,
2440 3149 2505 3205 et
2545 3162 2685 3205 eam
2727 3142 2820 3206 sic

542 3242 1016 3325 appropriatam
1046 3243 1114 3304 in
1145 3241 1432 3324 proprios
1463 3260 1617 3304 usus
1648 3245 1866 3305 tenere
1895 3242 2164 3325 possint,
2194 3241 2336 3318 sibi,
2366 3260 2631 3304 success,
2665 3241 2820 3316 suis,

543 3339 813 3404 Custodi
857 3347 922 3404 et
966 3341 1220 3404 vicariis
1271 3340 1439 3403 Eccl.
1485 3340 1806 3422 predictae,
1851 3341 1920 3403 in
1966 3340 2285 3404 auxilium
2329 3339 2817 3404 sustentationis

542 3459 674 3504 suae
732 3440 1228 3523 imperpetuum,
1281 3440 1451 3503 sicut
1507 3440 1889 3523 praedictum
1950 3447 2048 3505 est
2105 3447 2325 3504 tenore
2384 3439 2817 3522 praesentium,

541 3539 841 3604 similiter
868 3538 1197 3603 licentiam
1229 3538 1444 3622 (141b)
1476 3537 1772 3603 dedimus
1802 3539 2162 3622 specialem,
2192 3545 2436 3602 statuto
2465 3538 2656 3621 praed.
2687 3558 2816 3601 non

541 3640 850 3703 obstante.
940 3639 1252 3702 Nolentes
1282 3638 1454 3721 quod
1489 3637 1834 3721 praedjctus
1864 3638 2086 3702 Abbas
2115 3637 2221 3702 vel
2251 3658 2518 3703 success
2552 3638 2672 3715 sui,
2703 3644 2818 3700 aut

541 3738 731 3823 praed.
779 3738 1092 3803 Custodes
1135 3744 1202 3801 et
1245 3737 1484 3812 vicarii,
1514 3737 1619 3801 vel
1665 3757 1829 3801 succ.
1872 3737 1993 3814 sui,
2036 3737 2282 3801 ratione
2326 3736 2817 3820 praemissorum,

542 3845 654 3904 aut
706 3839 936 3903 statuti
985 3837 1195 3922 praed„
1238 3857 1355 3920 per
1395 3857 1513 3900 nos
1557 3837 1662 3900 vel
1715 3837 1864 3901 haer.
1909 3843 2162 3901 nostros
2214 3837 2699 3900 occasionentur
2747 3836 2815 3897 in

540 3938 758 4022 aliquo
808 3958 923 4002 seu
972 3944 1334 4021 graventur,
1378 3936 1449 3999 in
1501 3936 1698 4019 hujus
1749 3958 1796 3999 r.
1846 3943 1990 3999 test
2037 3936 2153 3999 has
2207 3943 2455 3999 nostras
2507 3935 2632 3998 litt.
2680 3934 2818 3999 fieri

541 4038 810 4102 fecimus
853 4044 1161 4121 patentes.
1250 4037 1438 4100 Teste
1483 4056 1586 4100 me
1635 4036 1829 4120 [ipso]
1875 4036 2046 4119 apud
2091 4035 2545 4100 Westmonast.
2586 4035 2818 4117 quinto

542 4135 787 4200 decimo
847 4136 951 4200 die
1010 4133 1281 4213 Martii?
1338 4136 1414 4199 A.
1472 4156 1521 4200 r.
1583 4135 1788 4198 nostri
1847 4133 2102 4218 Angliae
2160 4153 2312 4210 xxv,
2369 4133 2550 4217 regni
2616 4133 2819 4197 nostri

612 4281 630 4314 ¹
669 4282 765 4334 See
790 4281 888 4332 No.
922 4284 945 4332 1
978 4285 1044 4346 (p.
1076 4285 1146 4344 5),
1173 4281 1279 4332 and
1302 4281 1401 4333 No.
1431 4284 1552 4344 205,
1578 4298 1637 4332 as
1661 4280 1951 4332 connected
1975 4280 2109 4331 with
2135 4280 2492 4346 Huntington.

610 4365 634 4399 ²
671 4365 1000 4431 “Although
1025 4365 1255 4415 Edward
1280 4378 1363 4415 111.
1391 4365 1635 4415 assumed
1658 4364 1752 4414 the
1776 4364 1915 4429 style
1939 4364 1995 4414 οἱ
2021 4363 2165 4430 King
2189 4362 2245 4413 of
2280 4363 2477 4413 Franoe
2502 4379 2561 4413 as
2590 4362 2734 4427 early
2761 4380 2819 4413 as

544 4451 638 4506 7th
662 4449 890 4500 October
920 4449 1069 4505 1337.
1097 4449 1143 4498 it
1167 4464 1274 4499 was
1297 4453 1393 4499 not
1418 4448 1556 4498 until
1580 4447 1715 4498 25th
1738 4448 1775 4498 J
1778 4463 1979 4512 annuat-y
2002 4449 2152 4506 1340,
2172 4447 2265 4496 the
2289 4447 2631 4512 anniversary
2654 4447 2712 4497 of
2735 4446 2819 4497 his

541 4532 821 4594 accession,
849 4532 984 4593 that,
1013 4531 1066 4581 in
1091 4531 1278 4598 dating
1313 4532 1602 4597 important
1634 4530 1812 4594 public
1835 4530 2162 4592 documento,
2189 4530 2255 4580 he
2280 4530 2451 4581 added
2475 4531 2569 4580 the
2604 4546 2732 4595 year
2763 4529 2821 4579 of
