3254 5140
587 559 713 627 380
960 568 1502 621 CARTULARIUM
1539 568 1946 619 ABBATHIAE
1983 568 2081 617 DE
2117 566 2492 617 wfflTEBY.

1489 843 1962 908 CCCCXXIV.

677 1020 742 1099 (3
754 1016 847 1101 3b)
911 1018 1069 1083 Haec
1128 1018 1473 1083 indentura
1533 1019 1705 1082 facta
1764 1019 1937 1102 apud
2000 1017 2308 1100 Whiteby
2368 1019 2473 1081 die
2533 1015 2858 1079 dominica

588 1118 879 1200 proxima
919 1125 1070 1183 ante
1100 1118 1342 1183 festum
1381 1118 1800 1184 Ascensionis
1842 1117 2130 1193 Domini,
2161 1119 2352 1181 Anno
2392 1138 2479 1201 gr.
2512 1115 2858 1180 millesimo

588 1219 1036 1282 trecentesimo
1089 1218 1394 1283 vicesimo
1447 1218 1695 1302 quintO,
1742 1220 1914 1282 inter
1957 1218 2159 1302 Relig.
2206 1217 2378 1281 viros
2428 1217 2750 1280 Abbatem
2795 1220 2861 1278 et

591 1316 786 1380 Conv.
831 1317 911 1381 de
955 1317 1286 1401 Whiteby‚
1334 1339 1413 1381 ex
1449 1324 1630 1400 parte
1670 1339 1816 1394 una,
1847 1324 1912 1381 et
1952 1317 2315 1381 Walterum
2355 1316 2432 1380 de
2475 1317 2817 1399 Boyntona
2836 1309 2858 1348 ¹

589 1414 667 1477 de
711 1414 1042 1492 Acklome,
1073 1437 1152 1479 ex
1183 1415 1402 1492 altera,
1431 1422 1708 1479 testatur
1753 1415 1926 1498 quod
1969 1437 2115 1479 cum
2149 1416 2321 1479 idem
2352 1415 2678 1479 Walterus
2710 1433 2860 1478 con-

588 1514 780 1577 cessit
825 1534 892 1577 se
944 1514 1148 1578 teneri
1190 1520 1254 1578 et
1303 1514 1655 1598 obligatum
1696 1536 1831 1578 esse
1880 1536 1994 1598 pro
2041 1536 2108 1578 se
2144 1523 2210 1578 et
2249 1515 2396 1578 haer.
2444 1515 2577 1578 suis
2620 1515 2684 1576 in
2729 1534 2858 1576 uno

588 1633 803 1677 annuo
835 1612 1090 1677 redditu
1115 1614 1400 1697 quinque
1425 1614 1774 1678 solidorum
1800 1615 2047 1698 argenti
2067 1621 2344 1678 exeunte
2369 1614 2448 1678 de
2467 1612 2857 1697 quibusdam

588 1711 723 1774 t'ris
755 1719 818 1775 et
850 1713 1238 1776 tenementis
1270 1734 1415 1797 quae
1435 1721 1612 1777 tenet
1636 1713 1713 1777 de
1746 1713 1987 1778 eisdem
2019 1714 2087 1777 in
2121 1714 2428 1797 Rouceby
2450 1713 2520 1776 in
2546 1711 2859 1793 Whiteby

589 1809 904 1874 Strande²
948 1810 1190 1875 eisdem
1220 1812 1466 1875 Abbati
1504 1817 1569 1876 et
1611 1811 1978 1877 Conventui
2022 1818 2090 1876 et
2119 1832 2386 1876 success.
2420 1812 2554 1875 suis
2594 1811 2863 1894 inperp.,

588 1908 669 1971 ad
714 1910 1063 1972 terminum
1107 1911 1534 1987 Pentecostes‚
1580 1911 1753 1994 apud
1799 1911 2110 1994 Whiteby
2151 1912 2489 1975 annuatim
2535 1908 2862 1986 solvendO,

587 2008 701 2091 qui
730 2009 992 2092 quidem
1037 2010 1325 2074 redditus
1357 2011 1627 2075 diversis
1659 2011 1846 2074 annis
1879 2010 2112 2094 elapsis
2144 2032 2180 2074 a
2210 2018 2379 2075 retro
2411 2010 2699 2075 extiterit
2729 2029 2861 2072 non

586 2107 1137 2174 solutus—Iidem
1168 2111 1389 2174 Abbas
1437 2116 1502 2174 et
1545 2111 1742 2176 ConV.
1774 2117 2102 2195 gratanter
2145 2118 2211 2174 et
2255 2111 2528 2194 benigne
2574 2111 2864 2174 fatentur

585 2216 651 2271 et
681 2209 1043 2273 concedunt
1072 2210 1347 2275 eundem
1391 2210 1755 2274 Walterum
1792 2210 1927 2274 fore
1972 2210 2266 2293 quietum
2298 2216 2366 2274 et
2395 2209 2740 2273 liberatum
2782 2209 2861 2273 de

585 2307 885 2371 omnibus
937 2315 1002 2372 et
1054 2310 1328 2393 singulis
1376 2310 1707 2394 arreragiis
1760 2309 1952 2392 praed.
1998 2309 2288 2374 redditus
2340 2330 2596 2393 quoquo
2670 2308 2860 2372 modo

585 2406 824 2471 eisdem
857 2407 1091 2472 debitis
1121 2430 1159 2472 a
1209 2415 1496 2492 tempore
1537 2430 1666 2493 quo
1712 2410 1781 2473 in
1823 2409 2144 2474 solutione
2186 2408 2475 2491 ejusdem
2517 2408 2860 2473 cessaverit

583 2527 788 2592 usque
830 2507 1001 2573 diem
1048 2510 1464 2592 praesentium
1526 2510 1964 2588 confectionis,
2014 2509 2203 2575 modo
2262 2509 2621 2594 subscripto
2649 2509 2861 2573 :—Ita

583 2608 757 2690 quod
786 2608 959 2672 idem
989 2610 1314 2674 Walterus
1346 2616 1412 2674 et
1441 2611 1586 2675 haer.
1608 2611 1711 2675 sui
1743 2610 2014 2695 singulis
2045 2612 2235 2675 annis
2266 2619 2332 2675 et
2361 2612 2636 2675 termino
2667 2610 2859 2694 praed.

583 2708 909 2772 redditum
941 2710 1227 2794 quinque
1259 2711 1608 2774 solidorum
1649 2711 1823 2794 apud
1868 2712 2180 2795 Whiteby
2209 2711 2547 2775 annuatim
2583 2710 2860 2775 fideliter

584 2814 649 2870 et
709 2807 993 2891 plenarie
1051 2809 1440 2893 persolvant,
1499 2816 1564 2875 et
1623 2813 1864 2875 fatetur
1929 2811 2069 2875 sine
2136 2811 2565 2875 diminutione
2639 2810 2859 2894 aliqua

583 2905 963 2984 soluturum,
994 2909 1072 2973 de
1118 2929 1245 2993 quo
1277 2910 1541 2993 quidem
1585 2910 1845 2975 redditu
1896 2911 2134 2975 eisdem
2174 2910 2512 2995 Religiosis
2553 2911 2771 2975 debito
2821 2932 2860 2974 a

582 3012 868 3089 tempore
904 3007 1083 3092 [quo]
1126 3029 1258 3073 non
1302 3014 1484 3073 extat
1522 3011 1837 3075 memoria
1881 3031 1949 3074 se
1988 3031 2103 3093 pro
2148 3030 2216 3074 se
2258 3018 2323 3074 et
2367 3010 2514 3074 haer.
2548 3011 2691 3093 (34)
2722 3010 2859 3075 suis

583 3106 937 3171 attornavit
968 3107 1211 3173 eisdem
1240 3130 1355 3193 per
1384 3109 1772 3174 solutionem
1804 3110 2092 3193 quinque
2115 3108 2465 3173 solidorum
2488 3109 2568 3174 de
2587 3108 2860 3173 termino

585 3209 994 3272 Pentecostes
1042 3229 1213 3273 anno
1259 3229 1348 3293 gr.
1396 3209 1785 3293 supradicto.
1895 3211 1976 3273 In
2024 3210 2210 3292 cujus
2268 3209 2362 3273 rei
2413 3209 2860 3273 testimonium

655 3370 673 3402 ¹
711 3371 879 3422 There
902 3371 948 3422 is
972 3388 1004 3421 a
1028 3372 1238 3423 Walter
1256 3372 1321 3424 de
1342 3373 1656 3440 Bovington‚
1685 3373 1863 3424 whose
1887 3389 2044 3424 name
2069 3389 2292 3439 appears
2329 3389 2386 3423 as
2410 3372 2628 3424 witness
2664 3377 2721 3424 to
2755 3371 2857 3424 No.

583 3457 704 3516 252,
725 3472 757 3505 a
780 3454 992 3506 char-ter
1013 3455 1069 3505 of
1093 3455 1256 3506 about
1291 3456 1475 3507 Abbot
1510 3456 1728 3523 Roger’a
1762 3457 1893 3507 time
1936 3461 2012 3520 (or
2052 3459 2389 3518 12204240).
2465 3456 2593 3506 This
2629 3456 2777 3519 deed,
2804 3471 2863 3506 as

583 3537 746 3589 dated
780 3538 837 3588 in
878 3539 1031 3600 1325,
1068 3538 1369 3590 introduces
1404 3555 1468 3590 us
1503 3544 1561 3590 to
1596 3539 1821 3591 another
1857 3540 2066 3591 Walter
2100 3540 2168 3592 de
2204 3539 2519 3606 Bovington.
2595 3538 2659 3589 In
2700 3541 2856 3600 1256,

583 3620 883 3672 Willelmus
924 3620 1065 3672 filius
1103 3622 1215 3673 d'ni
1265 3623 1548 3689 Ingelrami
1589 3624 1658 3674 de
1701 3623 2003 3690 Bovington
2043 3624 2230 3674 makes
2272 3640 2342 3674 an
2385 3626 2684 3690 agreement
2726 3622 2861 3673 with

582 3702 789 3755 Galfrid
838 3703 905 3754 de
952 3706 1178 3756 Aresum
1241 3707 1349 3757 and
1397 3706 1561 3757 Henr.
1615 3706 1683 3756 de
1745 3706 2005 3757 Alverton
2072 3707 2315 3770 (Charter
2374 3707 2429 3757 in
2491 3705 2858 3772 Scarborough

582 3787 868 3850 Museum).
947 3787 1011 3838 In
1050 3789 1272 3839 another
1320 3789 1530 3841 charter
1570 3788 1626 3841 of
1667 3789 1759 3841 the
1801 3806 1945 3841 same
1982 3788 2158 3850 series,
2189 3789 2353 3840 dated
2396 3790 2546 3852 1311,
2593 3788 2737 3839 will„
2791 3789 2859 3839 de

581 3872 880 3940 Boyngton,
908 3870 1099 3924 “filius
1134 3873 1243 3924 d'ni
1278 3873 1425 3926 will,
1463 3874 1529 3925 de
1566 3874 1862 3942 Boyngtom
1897 3870 2135 3936 militis,”
2171 3874 2267 3924 has
2303 3889 2482 3939 power
2516 3873 2571 3923 of
2608 3876 2858 3938 attorney

578 3956 717 4008 from
751 3962 781 3986 ‘⁴
801 3957 1027 4008 Hillaria
1051 3957 1161 4009 filia
1184 3957 1397 4010 Thomae
1420 3958 1489 4009 de
1504 3959 1541 4010 J
1543 3956 1769 4024 oneby‚”
1793 3957 2052 4024 touching
2075 3973 2108 4008 a
2143 3957 2346 4008 certain
2381 3959 2502 4008 rent
2538 3954 2763 4022 payable
2798 3959 2858 4006 to

579 4039 673 4091 the
698 4040 923 4107 priprese
947 4041 1002 4092 of
1035 4041 1165 4092 Nun
1190 4041 1471 4104 Monkton‚
1499 4042 1593 4093 the
1632 4041 1747 4092 said
1771 4040 2007 4091 william
2044 4040 2203 4107 being
2237 4038 2510 4090 described
2546 4055 2604 4089 as
2640 4038 2861 4106 holding

581 4128 614 4152 “
631 4123 688 4174 in
714 4125 842 4176 villa
865 4128 921 4175 et
942 4124 1168 4177 t’ritorio
1194 4125 1260 4177 de
1280 4126 1503 4177 Acelum
1520 4126 1577 4176 in
1602 4124 1941 4177 Cleveland.’'
2015 4125 2123 4175 But
2146 4124 2296 4175 there
2321 4124 2367 4174 is
2392 4123 2501 4174 also
2538 4140 2607 4174 an
2643 4123 2858 4190 Ingram

579 4207 646 4258 de
670 4207 972 4276 Bovington
996 4209 1116 4259 who
1140 4210 1328 4260 stands
1352 4226 1410 4261 as
1434 4210 1655 4260 witness
1677 4212 1736 4259 to
1772 4225 1804 4259 a
1840 4208 1972 4259 deed
2009 4208 2083 4273 by
2109 4208 2316 4258 Arnold
2351 4207 2418 4257 de
2456 4208 2624 4273 Percy
2651 4206 2728 4268 (in
2763 4206 2859 4256 the

581 4288 749 4354 Percy
774 4289 1051 4355 Feodary),
1077 4290 1242 4341 dated
1265 4294 1323 4342 at
1360 4291 1576 4342 Kildale
1600 4291 1657 4341 in
1686 4292 1839 4351 1305,
1872 4291 1978 4341 and
2014 4289 2082 4340 he
2107 4290 2152 4340 is
2190 4289 2448 4355 probably
2471 4289 2565 4340 the
2600 4288 2780 4340 father
2804 4288 2862 4338 of

577 4371 671 4422 the
704 4372 912 4423 Walter
952 4372 1020 4423 de
1061 4373 1311 4438 Boynton
1349 4373 1405 4424 of
1440 4373 1536 4424 the
1576 4377 1791 4439 present
1824 4372 1972 4435 deed,
2012 4373 2116 4423 and
2151 4372 2371 4425 brother
2407 4372 2464 4423 of
2498 4372 2593 4423 the
2618 4372 2859 4423 William

577 4455 768 4506 named
789 4471 848 4507 as
872 4472 968 4507 son
992 4455 1048 4507 of
1072 4456 1311 4508 Williarn
1336 4457 1403 4508 de
1427 4457 1677 4524 Boynton
1703 4457 1760 4507 in
1785 4457 1907 4507 that
1930 4456 2035 4507 last
2061 4457 2264 4507 named.

649 4536 670 4569 ²
708 4538 803 4589 See
826 4538 932 4591 last
956 4538 1089 4591 deed
1115 4539 1219 4590 and
1247 4544 1412 4591 notes.
