3254 5140
792 604 1332 656 CARTULARIUM
1369 606 1774 659 ABBATHIAE
1810 610 1907 659 DE
1943 609 2314 661 WHI'I'EBY.
2580 601 2697 657 681

426 766 688 830 t'rarum
717 788 878 851 quas
909 789 1024 853 ego
1069 770 1459 835 Ebot-acensi
1493 779 1560 836 et
1605 772 2034 838 Dunelmensi
2064 774 2188 839 feci
2231 774 2560 852 Ecclesiis,
2588 795 2708 858 pro

426 885 472 929 s.
527 867 760 932 animae
810 888 969 933 meae
1019 874 1086 934 et
1136 869 1576 954 redemptione
1630 878 2040 955 peccatorum
2087 893 2396 951 meorum,
2440 878 2506 938 et
2551 873 2705 957 quia

425 964 565 1048 ipse
594 972 795 1032 terras
825 968 1130 1034 Ecclesiis
1174 969 1306 1034 illis
1343 971 1489 1054 jure
1520 971 1887 1055 adjacentes
1932 972 2182 1037 reddidi
2227 978 2294 1037 et
2323 973 2613 1038 concessi
2640 980 2708 1037 et

425 1064 802 1132 donationes
848 1075 1161 1134 terrarum
1192 1091 1351 1154 quas
1383 1091 1497 1155 ego
1543 1072 1602 1136 S.
1637 1072 1909 1136 Becensi
1954 1072 2278 1149 Ecclesiae,
2308 1077 2375 1137 et
2401 1073 2702 1139 Abbatiae

425 1164 485 1228 S.
518 1166 778 1244 Albani,
807 1173 873 1232 et
916 1169 1312 1234 Monasterio
1361 1170 1420 1234 S.
1469 1171 1813 1249 Pancratii,
1858 1177 1925 1236 et
1967 1173 2211 1236 Abbati
2242 1173 2302 1237 S.
2347 1173 2576 1237 Mariae
2622 1173 2701 1237 de

423 1265 628 1343 Ebot„
659 1274 724 1331 et
752 1268 1049 1333 Abbatiae
1079 1269 1139 1333 S.
1174 1269 1481 1334 Germani
1504 1270 1584 1335 de
1608 1269 1841 1347 Salebi‚
1872 1276 1940 1334 et
1960 1271 2355 1336 redditiones
2385 1279 2698 1337 terrarum

423 1383 582 1447 quas
625 1366 998 1432 hominibus
1042 1368 1205 1432 meis
1246 1390 1407 1453 quos
1454 1369 2081 1448 exhaereditaveram,
2111 1371 2254 1448 feci,
2284 1378 2350 1436 et
2379 1371 2700 1436 escambia

422 1483 568 1547 quae
597 1485 711 1548 pro
740 1465 925 1531 terris
955 1466 1089 1532 illis
1118 1466 1494 1533 hominibus
1524 1469 1686 1533 meis
1718 1469 1953 1553 quibus
1975 1489 2083 1533 eas
2108 1469 2406 1534 dederam
2430 1469 2700 1545 reddidi,

421 1563 602 1629 nullo
634 1566 823 1630 modo
853 1566 1095 1631 violare
1124 1568 1547 1652 praesumatis,
1577 1573 1678 1632 set
1720 1572 1798 1632 ut
1827 1567 2090 1632 donatio
2120 1589 2265 1633 mea
2292 1569 2478 1633 firma
2507 1568 2596 1632 sit
2626 1588 2699 1633 ac

420 1663 672 1729 stabilis
702 1666 938 1730 nostris
961 1665 1218 1750 juribus
1248 1672 1316 1731 et
1339 1668 1632 1731 omnium
1664 1667 2017 1732 amicorum
2039 1674 2404 1733 nostrorum
2428 1668 2698 1733 faciatis.

420 1762 626 1827 Terrae
683 1769 899 1829 autem
961 1785 1121 1849 quas
1180 1786 1294 1850 ego
1354 1765 1605 1830 reddidi
1677 1766 1986 1831 Ecclesiis
2062 1767 2164 1831 hae
2223 1772 2382 1831 sunt
2406 1766 2695 1831 :—Ebor.

419 1861 742 1939 Ecclesiae,
787 1863 1100 1947 Helprebi
1145 1885 1294 1928 cum
1338 1865 1532 1929 feudo
1578 1866 1933 1942 Bonefacii,
1978 1871 2045 1930 et
2089 1865 2589 1951 Scleningforde,
2630 1873 2699 1930 et

420 1959 805 2040 Grenteleie,
849 1968 916 2027 et
957 1962 1030 2026 in
1067 1963 1512 2028 Gnarrleforde
1540 1964 1566 2027 i
1596 1972 1965 2028 carucatam
2012 1969 2077 2029 et
2106 1965 2480 2029 dimidiam:
2526 1965 2696 2029 Hos·

418 2060 580 2144 pitio
603 2081 957 2146 pauperum
987 2062 1263 2128 fratrum
1308 2063 1596 2147 ejusdem
1642 2063 1949 2127 Ecclesiae
1993 2062 2042 2126 ii
2072 2084 2194 2127 car.
2226 2064 2357 2127 t'rae
2385 2063 2457 2126 in
2489 2062 2692 2126 Ham-

417 2161 618 2225 eseie:
664 2161 969 2226 Ecclesiae
990 2161 1299 2227 Dunelm.
1324 2169 1390 2227 et
1413 2162 1472 2226 S.
1502 2162 1858 2227 Cuthberto
1888 2161 1938 2226 ii
1967 2162 2253 2227 maneria
2281 2182 2427 2246 quse
2447 2160 2695 2226 Waltef

415 2259 590 2324 filius
640 2261 786 2326 Alsi
833 2262 914 2327 de
967 2283 1069 2327 me
1120 2263 1385 2327 tenebat
1435 2262 1606 2326 ultra
1667 2262 1937 2339 Teisam,
1990 2262 2123 2327 scil.
2179 2262 2575 2326 Bermentun
2627 2268 2694 2325 et

417 2359 907 2447 Scirmingham,
951 2367 1016 2427 et
1060 2363 1370 2446 quicquid
1414 2361 1497 2426 ad
1542 2382 1650 2426 eas
1693 2363 2012 2445 pertinet:
2072 2361 2325 2426 Sarloni
2366 2360 2689 2425 Monacho

414 2459 634 2525 dimid.
664 2481 785 2527 car.
808 2462 978 2526 t’rae:
1023 2462 1323 2527 Abbatiae
1347 2462 1405 2527 S.
1430 2462 1659 2527 Mariae
1683 2462 1762 2526 de
1785 2462 1991 2539 Ebor„
2013 2461 2385 2527 molendina
2407 2461 2524 2524 issa
2544 2481 2690 2545 quae

413 2558 635 2625 Abbas
665 2560 901 2626 fecerat
929 2582 1123 2646 super
1153 2569 1475 2647 stagnum,
1505 2566 1572 2627 et
1612 2560 1670 2626 si
1711 2560 1857 2646 ipsa
1890 2560 2264 2627 molendina
2306 2560 2689 2626 deterioren-

410 2664 521 2724 tur
546 2666 805 2745 propter
832 2681 1002 2726 nova
1044 2662 1418 2727 molendina
1452 2682 1614 2738 mea,
1643 2661 1810 2738 volo,
1850 2661 2049 2726 frater
2075 2661 2184 2738 mi,
2214 2665 2290 2725 ut
2316 2662 2689 2726 restauretis

409 2758 578 2823 inud
608 2760 962 2845 dampnum
1001 2761 1301 2826 Abbatiae
1332 2761 1412 2826 de
1447 2759 1807 2825 redditibus
1836 2760 2351 2825 molendinorum
2380 2781 2686 2825 meorum.

409 2860 535 2925 Hae
579 2867 735 2927 sunt
779 2870 963 2927 terrae
1008 2883 1168 2946 quas
1213 2882 1329 2946 ego
1360 2860 1510 2927 dedi
1554 2860 1884 2935 Ecclesiis,
1924 2860 2201 2925 Eswalle
2244 2861 2314 2924 in
2362 2860 2574 2925 Chent
2621 2866 2688 2926 et

408 2960 720 3045 quicquid
770 2961 852 3025 ad
898 2982 1041 3026 eam
1087 2961 1390 3046 pertinet,
1436 2966 1502 3025 et
1544 2965 1752 3025 totam
1797 2960 2112 3025 decimam
2157 2960 2236 3024 de
2282 2960 2572 3025 Cundaie
2614 2960 2685 3023 in

408 3060 799 3139 Eborascira‚
828 3062 968 3139 viz„
998 3062 1071 3125 in
1099 3082 1323 3138 messe,
1354 3067 1421 3126 et
1450 3060 1519 3125 in
1550 3060 1960 3138 molendinis,
1990 3068 2057 3124 et
2096 3059 2167 3122 in
2206 3059 2491 3144 piscinis,
2521 3066 2584 3124 et
2613 3060 2683 3123 in

408 3160 706 3224 omnibus
748 3160 938 3225 rebus
982 3161 1062 3239 de
1106 3161 1343 3244 quibus
1387 3160 1656 3225 decimae
1700 3159 1952 3236 dantur,
1982 3158 2132 3223 dedi
2175 3158 2316 3222 Deo
2347 3163 2412 3222 et
2440 3159 2685 3223 Abbati

409 3258 469 3323 S.
502 3259 745 3324 Albani
774 3261 929 3344 quia
958 3261 1037 3325 ad
1070 3262 1339 3326 eandem
1379 3261 1736 3325 Ecclesiam
1765 3280 1870 3324 me
1906 3258 2347 3342 sepeliendum
2376 3257 2679 3342 disposui.

408 3357 635 3422 Esmid
694 3358 844 3423 dedi
902 3360 1043 3425 Deo
1102 3366 1168 3425 et
1227 3360 1285 3424 S.
1339 3360 1567 3424 Mariae
1627 3358 1965 3424 Beccensis
2023 3357 2341 3434 Abbatiae,
2400 3357 2682 3422 Monast’

408 3459 470 3523 S.
517 3459 840 3523 Pancratii
892 3460 973 3525 de
1023 3460 1242 3525 Lewes
1286 3466 1352 3523 et
1395 3460 1729 3524 monachis
1775 3509 1788 3524 .
1835 3508 1848 3523 .
1897 3507 1910 3523 .
1958 3509 1970 3522 .
2018 3463 2084 3522 et
2127 3456 2276 3521 dedi
2319 3463 2555 3521 terram
2600 3459 2679 3522 de

405 3558 667 3623 Meltun
696 3560 864 3625 sicut
893 3581 1002 3625 eos
1031 3560 1183 3625 inde
1213 3560 1500 3625 seissitos
1531 3559 1772 3636 inveni,
1795 3564 1861 3623 et
1890 3557 2333 3623 molendinum
2355 3559 2678 3642 quoddam

405 3659 625 3743 quod
605 3679 746 3743 ipse
776 3659 847 3723 in
875 3660 1319 3725 vadimonium
1362 3659 1680 3725 habebam
1714 3660 1808 3723 ita
1838 3659 2079 3723 eisdem
2117 3657 2403 3723 concessi
2432 3664 2498 3722 et
2528 3658 2677 3722 dedi

404 3759 573 3824 sicut
617 3779 765 3823 eum
810 3759 881 3823 in
909 3780 1109 3824 manu
1141 3780 1286 3824 mea
1314 3758 1644 3825 habebam.
1735 3759 1876 3823 Deo
1906 3764 1972 3822 et
1999 3758 2244 3822 Abbati
2276 3758 2335 3821 S.
2370 3757 2676 3823 Germani

403 3858 483 3923 de
536 3857 753 3923 Salebi
798 3860 1083 3924 concessi
1135 3866 1202 3924 et
1252 3859 1401 3924 dedi
1455 3860 1843 3924 Hamescote
1895 3865 1962 3922 et
2012 3858 2330 3941 piscinam
2378 3878 2523 3939 quae
2575 3857 2675 3920 illi

400 3958 651 4040 adjacet
694 3978 840 4042 quae
884 3963 1153 4022 vocatur
1192 3957 1561 4043 Grasgerde.
1650 3958 1791 4022 Deo
1832 3964 1897 4021 et
1935 3956 2239 4021 Ecclesiae
2282 3956 2341 4019 S.
2373 3956 2438 4018 N
2440 3954 2674 4019 icholal

400 4078 544 4141 quae
567 4062 666 4121 est
693 4057 764 4120 in
790 4056 1041 4122 Circebi
1059 4056 1343 4121 concessi
1366 4061 1431 4120 et
1453 4057 1600 4121 dedi
1631 4056 1966 4122 ecclesiam
1996 4056 2076 4120 de
2106 4054 2494 4120 Newebolde
2525 4076 2674 4120 cum

398 4157 533 4222 t’ris
563 4163 630 4222 et
672 4157 940 4223 decimis
975 4156 1128 4221 suis.
1215 4156 1521 4220 Ecclesiae
1552 4157 1612 4221 S.
1658 4156 1993 4220 Trinitatis
2038 4155 2187 4219 dedi
2227 4156 2299 4218 iii
2337 4175 2672 4219 mansuras

396 4257 732 4322 domorum
760 4258 833 4322 in
875 4257 1061 4322 Ebor.
1093 4260 1159 4322 et
1188 4255 1467 4320 decimas
1513 4255 2044 4320 molendinorum.
2135 4255 2258 4318 11ae
2303 4262 2457 4319 sunt
2487 4262 2671 4320 terrae

394 4378 555 4441 quas
583 4358 836 4423 reddidi
873 4356 1245 4422 hominibus
1279 4354 1772 4433 exhaereditatis,
1802 4356 1939 4432 viz„
1971 4354 2249 4418 Roberto
2281 4354 2363 4419 de
2393 4355 2670 4420 Cambos

393 4462 598 4522 totam
640 4463 876 4523 terram
919 4478 1105 4522 suam
1149 4463 1215 4522 et
1266 4455 1625 4521 haeredibus
1677 4456 1811 4520 suis
1857 4476 1931 4520 eo
1982 4462 2202 4518 tenore
2254 4461 2330 4517 ut
2377 4456 2532 4520 Rob.
2588 4456 2668 4520 de

395 4555 669 4621 Cambos
688 4565 753 4621 et
783 4556 1068 4622 haeredes
1098 4558 1201 4621 sui
1229 4563 1492 4621 teneant
1521 4555 1702 4621 illam
1733 4556 1812 4620 de
1842 4554 2121 4618 Roberto
2152 4552 2231 4616 de
2252 4554 2562 4632 Witvile3
2605 4561 2672 4619 et
