3254 5140
788 637 1338 691 CARTULARIUM
1375 639 1783 692 ABBATHIAE
1818 641 1917 692 DE
1953 641 2328 694 WHITEBY.
2557 628 2680 685 635

405 812 533 878 hiis
606 814 978 893 indentura,
1037 820 1104 880 et
1176 815 1259 879 de
1320 816 1626 881 omnibus
1684 818 2378 894 administrationibuS,
2438 815 2684 890 officiis,

403 912 665 978 ballivis
724 921 791 979 et
849 915 1182 992 custodiis,
1240 920 1375 979 tam
1435 915 1508 978 in
1568 917 1969 981 Monasterio
2028 937 2227 1000 quam
2278 921 2477 993 extra,
2529 921 2681 978 ante

404 1011 645 1076 festum
690 1013 752 1077 S.
785 1013 1059 1077 Martini
1102 1014 1412 1078 reddatur
1450 1014 1644 1079 finale
1674 1022 2048 1099 compotum
2080 1036 2296 1080 coram
2327 1015 2584 1079 Abbate
2617 1017 2684 1077 et

403 1118 680 1192 quatuor
723 1111 830 1176 vel
873 1113 1165 1196 quinque
1210 1113 1572 1178 senioribus
1602 1119 1668 1178 et
1696 1114 2180 1180 discretioribus
2211 1114 2290 1178 de
2323 1115 2685 1185 Conventu,

402 1209 498 1273 ita
541 1215 633 1288 ut,
678 1211 904 1275 audito
948 1211 1127 1274 finali
1172 1218 1492 1295 compotO,
1533 1217 1715 1278 totus
1759 1218 1968 1278 status
2013 1214 2266 1278 Domus
2310 1210 2682 1278 Conventui

408 1309 802 1376 ostendatur.

495 1407 684 1486 Item,
743 1409 983 1486 Abbas,
1040 1415 1300 1494 recepto
1373 1410 1496 1475 hoc
1570 1411 1846 1487 decreto,
1897 1412 2041 1496 ipse·
2098 1416 2164 1477 et
2222 1411 2333 1476 alii
2392 1411 2681 1493 quinque

404 1505 511 1570 vel
568 1527 680 1572 sex
740 1507 822 1572 de
872 1509 1336 1573 maturioribus
1387 1514 1456 1573 et
1506 1510 1993 1575 discretioribus
2044 1511 2378 1575 monachis
2428 1510 2681 1574 Domus

405 1612 781 1690 compotum
847 1606 1166 1670 bonorum
1225 1608 1513 1691 ejusdem
1572 1609 1653 1673 de
1711 1610 2013 1675 omnibus
2070 1609 2367 1675 officiatis
2426 1628 2681 1672 monas-

404 1706 574 1782 terii;
641 1711 778 1770 tam
849 1705 1024 1769 infra
1096 1725 1293 1789 quam
1367 1715 1568 1784 extra,
1641 1708 1759 1791 qui
1831 1708 1913 1773 ad
1989 1713 2291 1792 compota
2358 1704 2684 1772 reddenda

407 1808 728 1881 tenentur,
795 1804 1119 1888 exquisite
1186 1804 1476 1882 audiant,
1546 1811 1614 1871 et
1676 1827 1751 1871 eo
1817 1808 2039 1871 audito
2113 1812 2326 1872 status
2390 1804 2680 1890 ejusdem

408 1902 791 1967 Monasterii
834 1903 958 1967 toti
993 1903 1362 1969 Conventui
1404 1904 1473 1967 in
1506 1904 1811 1988 Capitulo
1842 1905 2242 1989 integraliter
2284 1903 2680 1970 ostendatur.

407 2000 596 2078 Item,
624 2002 861 2077 Abbas,
897 2002 1095 2080 Prior,
1124 2002 1232 2067 vel
1277 2002 1447 2067 alius
1492 2003 1857 2086 Religiosus
1899 2011 2014 2068 aut
2057 2004 2379 2068 saecularis
2425 2003 2682 2066 nullum

404 2100 743 2179 famulum,
798 2103 1181 2185 garcionem,
1242 2102 1346 2166 vel
1419 2102 1692 2167 alterius
1767 2103 2163 2167 conditionis
2221 2102 2552 2166 hominem
2612 2100 2681 2162 in

402 2220 662 2264 servum
691 2201 969 2265 retineat
997 2201 1114 2284 qui
1145 2201 1387 2265 Domui
1416 2201 1505 2265 sit
1534 2221 1859 2279 onerosus,
1882 2201 2243 2285 superfluus
2271 2200 2377 2265 vel
2407 2199 2686 2274 inutilis,

405 2306 522 2364 aut
563 2301 759 2364 etiam
803 2320 997 2385 super
1038 2301 1529 2366 incontinentiae
1571 2301 1756 2377 vitio,
1786 2301 1890 2365 vel
1937 2301 2064 2365 alio
2108 2300 2377 2366 crimine
2405 2300 2686 2385 graviter

412 2398 798 2465 diffametur.
888 2400 1063 2464 Item
1121 2421 1457 2464 monemus
1516 2399 1865 2478 Abbatem,
1911 2401 2218 2478 Priorem,
2270 2407 2337 2466 et
2394 2400 2682 2484 singulos

407 2499 757 2565 monachos
802 2501 883 2565 de
935 2499 1299 2579 Conventu,
1343 2501 1415 2564 in
1460 2501 1707 2566 virtute
1751 2501 2161 2578 obedientiae,
2205 2507 2272 2566 et
2314 2502 2437 2566 sub
2489 2520 2683 2585 poena

410 2599 837 2665 districtionis
907 2599 1251 2664 Canonicae
1311 2600 1487 2683 quod
1549 2620 1743 2666 canes
1802 2608 2151 2666 venaturos
2208 2601 2518 2685 proprioS,
2577 2600 2684 2664 vel

409 2698 674 2776 alienos,
716 2700 787 2763 in
846 2699 1059 2763 Domo
1105 2698 1184 2763 de
1229 2707 1458 2764 caetero
1511 2721 1642 2764 non
1693 2706 1979 2778 teneant,
2028 2721 2150 2765 nec
2200 2701 2552 2766 admittant
2602 2700 2686 2764 ad

408 2795 944 2882 [indecipherable]
972 2800 1039 2861 in
1070 2799 1301 2876 Domo,
1331 2800 1458 2864 nisi
1490 2800 1834 2866 dumtaxat
1861 2801 2009 2866 illos
2041 2801 2156 2885 qui
2187 2802 2431 2866 Domui
2461 2821 2681 2865 neces-

408 2897 563 2960 sarii
613 2897 717 2962 vel
769 2897 967 2961 utiles
1027 2917 1168 2962 esse
1227 2906 1526 2982 possent:
1571 2907 1642 2965 et
1697 2902 2101 2965 custodiatur
2151 2899 2362 2965 hostia
2413 2899 2683 2964 claustri

406 2996 564 3061 adeo
609 2996 782 3081 quod
827 2996 1048 3061 nullus
1092 2997 1272 3062 canis
1317 2999 1715 3083 ingrediatur
1757 2998 2152 3064 claustrum:
2196 3000 2485 3083 praebens
2529 3020 2682 3062 vero

404 3098 553 3161 cani
573 3097 943 3181 hujusmodi
967 3098 1298 3181 ingressus
1323 3098 1708 3182 corripiatur
1729 3104 1794 3161 et
1816 3098 2020 3182 rigide
2041 3100 2405 3182 castigetur.
2495 3098 2685 3175 Item,

409 3205 671 3281 propter
718 3198 937 3282 gravia
982 3219 1180 3263 onera
1231 3199 1619 3275 debitorum,
1664 3199 2118 3274 corrodiorum,
2162 3199 2567 3281 pensionum,
2616 3207 2683 3261 et

406 3297 876 3374 liberationum,
907 3303 982 3362 ut
1024 3297 1321 3382 superius
1365 3301 1465 3362 est
1508 3318 1901 3381 expressum,
1929 3298 2299 3361 inhibemus
2342 3296 2686 3372 Abbatem,

406 3396 530 3459 sub
572 3416 765 3480 poena
809 3396 1233 3480 depositionis
1277 3397 1358 3460 ab
1402 3396 1632 3474 offici0,
1660 3397 2039 3480 caeterisque
2083 3395 2357 3480 singulis
2401 3394 2482 3459 de
2514 3396 2682 3460 Con-

407 3500 608 3558 ventu
660 3496 782 3560 sub
839 3516 1034 3580 poena
1092 3496 1784 3561 excommunicationis
1843 3496 2120 3579 majoris,
2174 3515 2256 3559 ne
2315 3494 2394 3558 de
2453 3501 2683 3559 caetero

409 3612 748 3659 conversos
793 3595 874 3658 ad
918 3594 1216 3659 habitum
1264 3595 1725 3659 monachorum
1772 3595 2044 3659 fratrum
2094 3594 2198 3659 vel
2231 3614 2680 3658 conversorum

408 3690 777 3770 admittant,
824 3694 1185 3777 pensiones,
1225 3693 1527 3771 corrodia,
1573 3693 1681 3759 vel
1728 3694 2144 3759 liberationes
2189 3694 2681 3778 quibuscunque

407 3793 697 3874 personis
726 3793 1107 3871 concedant,
1137 3794 1547 3858 venditiones
1582 3795 1939 3872 hoscorum,
1969 3815 2083 3859 seu
2114 3794 2507 3870 donationes,
2537 3815 2680 3877 quae

408 3891 491 3956 ad
549 3892 836 3957 notabile
894 3898 1156 3957 vastum
1213 3898 1522 3977 poterunt
1578 3893 1893 3969 annotari,
1952 3893 2215 3970 faciant,
2273 3893 2683 3957 dimissiones

407 3992 857 4068 maneriorum,
886 4013 997 4057 seu
1046 3992 1319 4057 aliorum
1348 3992 1640 4057 locorum
1671 3994 1754 4057 ad
1784 3994 2000 4076 ipsum
2035 3992 2494 4057 monasterium
2541 4013 2681 4075 per-

407 4091 780 4167 tinentium,
809 4092 886 4156 ad
935 4092 1187 4157 firmam
1214 4099 1612 4177 perpetuam,
1648 4093 1751 4157 vel
1780 4092 1862 4157 ad
1891 4099 2149 4175 tempus
2179 4112 2309 4155 non
2340 4091 2683 4169 modicum,

405 4190 908 4256 alienationesve
982 4193 1459 4276 possessionum
1535 4212 1653 4257 seu
1718 4178 2092 4257 reddituum
2144 4191 2434 4275 ejusdem
2492 4191 2682 4256 Mon·

407 4290 627 4354 asterii
670 4291 1062 4375 temporales
1107 4292 1367 4370 faciant,
1411 4292 1517 4357 vel
1561 4297 1926 4375 perpetuas,
1971 4291 2112 4355 sine
2155 4296 2377 4355 nostro
2406 4290 2510 4355 vel
2540 4312 2683 4355 suc-

411 4408 734 4453 cessorum
782 4395 1151 4454 nostrorum
1195 4390 1462 4456 licentia
1522 4390 1806 4474 speciali,
1852 4410 2049 4473 super
2105 4389 2344 4473 quibus
2394 4389 2682 4454 litteram

409 4492 697 4552 nostram
720 4487 828 4553 vel
849 4510 1290 4555 successorum
1314 4499 1682 4557 nostrorum
1704 4489 2001 4567 habeant,
2021 4510 2169 4553 cum
2194 4508 2451 4555 necesse
2470 4490 2685 4565 fuerit,

410 4587 861 4656 exhibendam.
972 4591 1133 4655 Haec
1191 4592 1416 4676 itaque
1475 4592 1760 4656 salubria
1809 4592 2075 4669 monita,
2126 4594 2570 4670 correctiones,
2622 4601 2688 4657 et

409 4686 707 4771 injuncta
756 4689 961 4765 vobis,
1010 4688 1255 4754 Abbati
1315 4697 1380 4755 et
1430 4691 1707 4775 singulis
1759 4691 1840 4757 de
1895 4691 2257 4767 conventu,
2309 4692 2430 4755 sub
2473 4692 2683 4774 poenis
