3254 5140
704 587 1255 640 CARTULARIUM
1294 589 1702 642 ABBATHIAE
1737 591 1835 642 DE
1870 592 2242 642 WHITEBY.
2482 581 2602 639 457

332 755 395 810 et
429 748 594 812 Eccl.
628 772 759 814 suae
789 753 869 815 de
904 753 1201 836 Wyteby,
1234 761 1308 818 ut
1336 753 1501 817 illud
1532 754 1705 838 quod
1735 755 1955 818 Abbas
1986 761 2051 820 et
2073 756 2241 820 Eccl.
2276 776 2394 820 sua
2415 755 2604 838 praed.

333 846 573 911 habent
602 849 682 913 de
712 849 879 914 dono
908 851 1095 933 praed.
1127 852 1834 916 Johannis—Habend.
1868 861 1932 917 et
1963 863 2088 918 ten.
2124 855 2333 918 eidem
2363 855 2606 918 Abbati

331 953 398 1008 et
426 966 590 1010 succ.
625 948 759 1012 suis
788 949 856 1012 in
887 948 993 1012 lib.
1028 957 1094 1013 et
1126 972 1293 1034 perp.
1327 951 1506 1015 elem.
1532 951 1601 1014 in
1627 953 2294 1035 perpetuum—Redd
2319 954 2471 1017 inde
2494 974 2607 1036 per

331 1066 576 1109 annum
607 1068 809 1111 unum
854 1069 969 1132 par
998 1050 1317 1113 calcarum
1362 1051 1641 1115 deaurat.
1675 1057 1741 1115 et
1770 1072 1884 1115 sex
1913 1052 2053 1116 den.
2095 1072 2208 1135 per
2251 1073 2494 1116 annum
2525 1052 2604 1114 ad

336 1145 597 1224 Pascha,
629 1148 801 1231 apud
833 1149 1078 1224 Everle,
1108 1170 1225 1233 pro
1255 1151 1431 1214 omni
1476 1171 1656 1227 serv„
1687 1156 1861 1214 secta
1906 1152 2114 1228 curiae,
2146 1151 2606 1216 consuetudine

334 1252 400 1308 et
447 1248 794 1312 exactione.
884 1248 970 1311 Et
1013 1249 1202 1332 praed.
1267 1250 1311 1314 J
1315 1249 1597 1313 ohannes
1658 1257 1725 1314 et
1776 1249 1921 1313 haer.
1977 1251 2080 1314 sui
2126 1271 2291 1327 war„
2343 1257 2490 1332 atq„
2543 1256 2608 1312 et

335 1344 680 1409 defendent
724 1348 931 1412 eidem
974 1349 1135 1411 Abb.
1166 1357 1233 1413 et
1275 1369 1439 1413 succ.
1472 1350 1624 1422 6616,
1670 1356 1735 1412 et
1765 1350 1932 1414 Eccl.
1967 1370 2098 1414 suae
2143 1350 2351 1433 praed„
2396 1355 2604 1413 totum

336 1444 524 1526 praed.
572 1466 758 1522 man„
787 1468 935 1510 cum
980 1467 1148 1512 omn.
1193 1455 1350 1531 peit.
1399 1449 1551 1526 6616,
1588 1450 1758 1513 sicut
1801 1449 2182 1532 praedictum
2227 1454 2341 1526 est,
2387 1455 2609 1513 contra

339 1564 389 1606 o.
438 1542 495 1607 h.
543 1544 1033 1629 imperpetuum.
1123 1548 1209 1612 Et
1253 1568 1367 1631 pro
1413 1546 1533 1611 hac
1577 1549 2027 1632 recognitione,
2066 1570 2232 1626 war„
2276 1554 2423 1632 atq,
2469 1548 2612 1622 def„

339 1642 465 1706 fine
514 1650 580 1707 et
627 1665 819 1722 conc„
862 1646 1035 1710 idem
1083 1647 1304 1710 Abbas
1350 1647 1531 1712 dedit
1568 1647 1758 1730 praed.
1808 1650 1853 1712 J
1856 1648 2096 1712 ohanni
2140 1648 2610 1733 quinquaginta

338 1762 581 1806 marcas
605 1746 868 1828 argenti.

429 1868 918 1933 Memorandum
967 1870 1045 1934 de
1077 1869 1221 1934 aliis
1269 1871 1455 1934 factis
1501 1892 1646 1954 quae.
1692 1878 1845 1936 sunt
1882 1872 1952 1934 in
1996 1871 2432 1946 Thesaurario,
2463 1892 2610 1935 cum

340 1988 593 2032 necesse
624 1969 833 2046 fuerit,
863 1990 1007 2052 quae
1036 1990 1165 2034 non
1197 1969 1302 2033 1116
1333 1970 1712 2034 scribuntur.

1116 2225 1403 2322 van.
1454 2259 1823 2323 BRomsAv.

426 2410 612 2491 (103)
660 2409 880 2472 Sciant
923 2428 1142 2472 61111166
1188 2409 1313 2471 vid.
1346 2409 1452 2472 vel
1496 2409 1639 2473 aud.
1671 2407 1788 2473 has
1818 2408 1964 2485 litt,
1995 2408 2163 2492 quod
2207 2427 2340 2492 ego,
2370 2407 2608 2470 Nicho·

337 2508 522 2585 laus)
580 2507 802 2572 Abbas
870 2507 1303 2593 [Monasterii]
1367 2508 1425 2573 S.
1492 2508 1668 2573 Petri
1736 2515 1802 2573 et
1864 2508 1921 2573 S.
1984 2507 2221 2584 Hildae,
2286 2507 2612 2572 communi

337 2629 604 2673 assensu
636 2615 702 2672 et
725 2607 990 2671 consilio
1011 2608 1213 2671 totius
1240 2608 1446 2691 Capit.
1480 2609 1701 2684 nostri,
1720 2608 2005 2672 concessi
2035 2607 2186 2671 huic
2209 2604 2615 2692 T[orpbino]²

342 2709 435 2772 xii
483 2709 621 2772 boV.
673 2708 806 2771 t'rae
852 2708 922 2770 in
969 2707 1314 2791 Brokesey,
1362 2728 1512 2771 cum
1563 2707 1689 2771 hiis
1743 2729 1886 2790 quae
1940 2708 2023 2771 ad
2075 2728 2216 2771 eam
2268 2706 2613 2789 pertinent,

342 2809 411 2870 in
444 2807 629 2872 feodo
659 2809 858 2871 firmae
889 2812 956 2871 et
982 2806 1372 2883 haereditate,
1403 2828 1518 2890 pro
1548 2807 1769 2871 decem
1793 2808 2025 2871 annuis
2057 2806 2296 2883 solidis,
2328 2806 2613 2889 quinque

343 2907 425 2971 ad
477 2907 657 2971 Pent.
711 2913 776 2970 et
828 2907 1113 2990 quinque
1166 2906 1245 2970 ad
1296 2906 1771 2990 festivitate[m]
1822 2907 1880 2971 S.
1936 2907 2219 2970 Martini.
2313 2905 2500 2982 Quod
2559 2905 2614 2968 si

344 3008 682 3092 contigerit
711 3006 895 3070 nobis
927 3006 1076 3070 dare
1117 3007 1455 3090 pecuniam
1490 3007 1668 3089 Regi,
1697 3006 1804 3070 vel
1834 3006 2028 3070 alicui
2058 3006 2243 3081 D'no,
2272 3004 2378 3067 vel
2408 3023 2614 3068 emere

343 3107 546 3183 Uram,
567 3106 673 3171 vel
690 3106 1016 3184 redimere,
1050 3106 1244 3170 faciet
1263 3106 1447 3170 nobis
1470 3106 1787 3169 auxilium
1808 3105 2163 3169 secundum
2183 3103 2613 3188 quantitatem

342 3209 477 3270 t’rae
528 3227 723 3290 quam
775 3211 968 3269 tenet.
1062 3205 1340 3269 Carucas
1400 3204 1594 3269 etiam
1641 3204 1926 3287 ejusdem
1986 3203 2255 3267 manerii
2309 3202 2614 3265 debemus

342 3306 575 3370 habere
603 3325 734 3368 una
763 3304 903 3368 vice
934 3324 1048 3387 per
1078 3324 1341 3379 annum,
1364 3310 1429 3367 et
1459 3323 1768 3367 messores
1789 3303 1985 3366 etiam
2017 3301 2327 3365 similiter.
2398 3300 2615 3362 Habet

342 3407 537 3470 etiam
568 3404 739 3469 idem
768 3403 1190 3487 T[orphinus]
1224 3423 1428 3468 unum
1461 3403 1700 3466 toftum
1730 3402 1799 3464 in
1830 3401 2136 3465 Hakenes
2166 3401 2236 3463 in
2259 3399 2467 3474 feud0‚
2499 3399 2615 3462 viii

342 3506 573 3581 denar’,
600 3524 715 3587 pro
760 3523 887 3587 quo
921 3502 1111 3566 debet
1155 3502 1458 3585 adjuvare
1502 3501 1786 3565 ecclesiis
1833 3501 2065 3565 nostris
2096 3500 2165 3562 in
2209 3498 2430 3563 eadem
2460 3497 2618 3560 villa

342 3604 698 3669 secundum
756 3601 1107 3666 valentiam
1167 3601 1451 3684 ipsorum
1517 3600 1936 3664 denariorum.
2045 3598 2288 3663 Valete.
2396 3597 2615 3679 Hujus

341 3702 784 3768 conventionis
814 3707 970 3764 sunt
997 3699 1683 3782 testes—RadulphuS,
1713 3696 2148 3763 Α661161111116.3

413 3878 432 3911 ¹
472 3876 674 3929 Second
696 3876 883 3927 Abbot
907 3875 964 3925 of
986 3874 1232 3939 Whitby,
1261 3890 1328 3924 no
1352 3873 1555 3924 certain
1580 3871 1732 3924 dates
1757 3872 1813 3923 of
1838 3872 2016 3923 whose
2042 3872 2304 3923 accession
2343 3871 2448 3922 6161
2473 3870 2617 3922 void-

340 3978 470 4014 61166
495 3962 550 4012 οἱ
573 3960 668 4012 the
690 3960 905 4027 dignity
931 3975 1017 4009 are
1043 3962 1243 4009 extant.
1323 3957 1436 4008 The
1473 3956 1684 4008 charter
1707 3957 1754 4006 16
1779 3955 1989 4006 6611666
2026 3955 2132 4006 6161
2157 3954 2486 4021 interesting,
2512 3953 2619 4005 and

341 4050 436 4097 not
460 4044 586 4111 only
610 4044 745 4095 from
768 4043 841 4094 its
859 4041 1126 4094 6611111666.

410 4126 434 4161 ²
471 4127 725 4193 Supplied
749 4125 1027 4191 according
1049 4128 1108 4175 to
1133 4124 1228 4174 the
1254 4121 1558 4190 suggestion
1582 4120 1817 4172 affor-ded
1842 4121 1978 4171 from
2002 4120 2095 4171 the
2120 4125 2248 4171 next
2274 4120 2575 4171 document.

412 4210 436 4244 ³
471 4209 583 4260 The
608 4209 830 4261 sui-mise
866 4223 990 4272 may
1014 4206 1079 4257 be
1117 4205 1377 4256 ventui-ed
1412 4204 1534 4255 that
1558 4204 1709 4255 these
1733 4207 1843 4254 two
1878 4202 2153 4254 witnesses
2176 4219 2266 4253 are
2303 4202 2616 4268 Radulphus

340 4294 408 4345 de
435 4292 657 4358 Everley
688 4292 792 4342 and
818 4290 1140 4341 Aschetinus
1165 4289 1230 4339 de
1253 4287 1643 4354 Haukesgarth.
1719 4287 1903 4338 Abbot
1926 4286 2176 4337 Nicholas
2195 4303 2304 4337 was
2322 4286 2435 4337 still
2452 4287 2620 4354 living

341 4379 399 4428 in
440 4379 591 4428 1132.
668 4376 763 4426 See
799 4375 897 4425 No.
933 4375 1051 4433 109,
1083 4376 1206 4423 note
1232 4374 1282 4434 8,
1308 4387 1365 4422 as
1401 4370 1658 4437 touching
1682 4371 1940 4421 Aschetin
1978 4370 2044 4420 de
2082 4369 2474 4437 Haukesgarth,
2514 4370 2619 4420 and

339 4461 444 4513 No.
474 4461 595 4521 224,
620 4458 849 4510 wherein
889 4456 1024 4509 Rad.
1055 4455 1121 4505 de
1146 4454 1373 4520 Everlay
1398 4454 1443 4505 16
1478 4458 1842 4520 cotemporary
1868 4452 1996 4503 with
2025 4453 2164 4504 Alan
2200 4468 2296 4503 son
2322 4453 2377 4505 of
2400 4452 2530 4504 Rad.
2552 4453 2619 4503 de

341 4542 670 4609 Ferlington‚
699 4541 872 4591 whose
897 4539 1107 4590 chartei·
1130 4541 1324 4589 cannot
1347 4538 1473 4588 date
1496 4537 1655 4588 much
1680 4537 1816 4588 later
1839 4537 1966 4588 than
2002 4540 2153 4587 1135.
