3254 5140
727 584 1268 638 CARTULARIUM
1306 584 1711 635 ABBATHIAE
1747 583 1846 635 DE
1881 583 2252 637 WHITEBY.
2494 573 2611 633 761

766 798 1105 861 ΒΕοΤοΒῙΑ
1136 814 1222 860 nn
1254 798 1515 862 Cnossr
1543 812 1616 860 m
1650 797 1814 863 Com,
1848 800 2192 863 CUMBmAE.

427 935 551 998 Sed
582 936 662 1000 de
692 936 857 999 xxiii
874 936 941 999 li.
975 936 1053 1000 de
1085 937 1270 999 firma
1300 935 1448 999 ecel.
1482 934 1561 1000 de
1593 935 1839 1020 Crosby
1867 937 2060 1021 praed.
2091 958 2150 1021 p.
2184 957 2236 1001 a.
2271 938 2426 1002 solv.
2482 988 2493 1000 .
2545 988 2557 1001 .
2606 987 2618 1001 .

1210 1035 1477 1100 Summa
1504 1035 1670 1100 xxiii
1687 1036 1753 1101 li.

622 1135 890 1199 Summa
919 1133 1139 1198 totalis
1171 1135 1471 1218 Receptae
1501 1134 1662 1198 xxix
1680 1134 1747 1200 li.
1779 1157 1823 1200 x
1842 1156 1888 1200 s.
1980 1136 2081 1200 De
2104 1135 2341 1220 quibus

728 1309 1028 1374 Surum).
1062 1309 1266 1375 Comr.
1297 1325 1437 1373 CUM
1468 1325 1891 1375 NECESSARIIS
1923 1325 2251 1375 Exrnnsls.

430 1443 612 1507 Idem
644 1464 845 1528 comp.
877 1422 947 1508 in
977 1444 1250 1528 stipend.
1283 1444 1487 1528 ipsius
1518 1452 1797 1529 eomput.
1832 1445 2096 1511 Colleot.
2144 1444 2318 1511 redd.
2365 1450 2431 1510 et
2460 1445 2620 1509 firm.

342 1542 424 1606 ib.
458 1544 539 1606 ad
568 1543 638 1607 xi
656 1543 720 1607 li.
754 1544 933 1609 xvis.
964 1565 1026 1628 p.
1058 1564 1110 1610 a.
1144 1550 1261 1609 etc.
1295 1545 1393 1628 [ut
1422 1544 1664 1628 supra}

1076 1717 1454 1782 ALLOGArm
1485 1734 1882 1782 ΡΕΝειοΝσΜ.

433 1852 521 1915 Et
564 1851 633 1915 in
678 1851 858 1917 alloe.
904 1873 1081 1936 pens,
1126 1852 1264 1915 xlvi
1284 1873 1330 1917 s.
1377 1852 1494 1916 viii
1513 1853 1571 1916 d.
1617 1874 1679 1936 p.
1725 1873 1778 1917 a.
1826 1874 2031 1936 nuper
2059 1853 2246 1919 solut.
2277 1874 2392 1938 per
2420 1873 2629 1937 nuper

349 1951 632 2015 Priorem
673 1956 739 2015 et
769 1952 968 2017 ConV.
1016 1951 1343 2016 Prioratus
1390 1952 1470 2015 de
1517 1952 1834 2035 Ormesby
1864 1952 1934 2015 in
1981 1953 2155 2017 Com.
2204 1952 2508 2029 Linooln„
2553 1974 2627 2018 eo

347 2050 522 2135 quod
581 2071 788 2135 nuper
845 2051 1175 2115 Prioratus
1234 2050 1316 2115 de
1376 2051 1693 2134 Ormesby
1743 2051 1935 2135 praed.
1995 2051 2185 2116 modo
2236 2051 2629 2129 dissolvitur,

350 2156 417 2214 et
454 2151 524 2213 in
556 2170 753 2214 mauu
798 2149 930 2214 d’ni
973 2149 1167 2235 Regis
1213 2149 1474 2230 existit3
1518 2155 1585 2214 et
1629 2150 1801 2233 quod
1846 2149 2069 2214 eadem
2113 2150 2337 2234 pensio
2366 2150 2450 2215 ib.
2498 2171 2629 2214 non

350 2248 677 2325 allocatur,
695 2249 966 2333 ideoque
983 2250 1053 2313 in
1076 2249 1456 2314 allocutione
1478 2249 1600 2313 hoc
1624 2269 1795 2313 anno
1818 2248 1957 2313 xlvi
1975 2270 2022 2313 s.
2051 2249 2171 2312 viii
2187 2248 2274 2313 d.:
2304 2248 2457 2314 etin
2480 2270 2629 2313 eon-

354 2348 552 2412 simili
596 2347 776 2413 alloc.
829 2359 1007 2433 pens.
1054 2348 1169 2412 xiii
1189 2369 1237 2414 s.
1282 2348 1382 2412 iiii
1401 2348 1460 2414 d.
1505 2368 1566 2433 p.
1615 2369 1671 2414 a.
1725 2369 1932 2432 nuper
1974 2348 2203 2413 solutae
2260 2367 2375 2432 per
2425 2369 2633 2432 nuper

355 2447 640 2511 Priorem
685 2452 751 2511 et
798 2446 994 2511 Conv.
1043 2469 1253 2531 nuper
1295 2447 1627 2512 Prioratus
1673 2448 1753 2512 de
1801 2447 2075 2512 Sixhille
2119 2448 2187 2511 in
2235 2447 2410 2512 dieto
2456 2449 2631 2513 Com.

357 2546 640 2611 Lineoln.
687 2547 795 2612 hie
841 2546 1157 2613 allocatur
1199 2567 1394 2613 causa
1436 2548 1631 2633 praed.
1676 2547 1866 2615 xiiis.
1895 2547 1997 2613 iiii
2015 2548 2112 2614 d.:
2157 2552 2224 2613 et
2267 2547 2337 2612 in
2368 2547 2631 2614 eonsim.

355 2646 535 2712 alloo.
582 2647 915 2732 pensionis
961 2669 1053 2712 xx
1071 2669 1116 2713 s.
1149 2670 1208 2733 p.
1242 2669 1298 2715 a.
1342 2669 1548 2732 nuper
1591 2648 1782 2714 solut.
1827 2668 1943 2732 per
1985 2667 2193 2732 nuper
2237 2648 2523 2713 Priorem
2569 2655 2636 2713 et

357 2747 554 2811 Oonv.
586 2767 795 2831 nuper
825 2746 1158 2812 Prioratus
1188 2748 1268 2811 de
1298 2747 1716 2833 Alvyngham
1758 2748 1827 2812 in
1861 2748 2036 2813 Com.
2086 2748 2277 2832 praed.
2323 2748 2431 2814 hic
2476 2749 2634 2813 allo-

357 2851 539 2911 catur
567 2866 760 2911 causa
788 2854 866 2911 ut
894 2855 1087 2912 antea
1117 2869 1206 2911 xx
1224 2868 1274 2912 s.

868 3108 1298 3171 LIBERATURA
1326 3123 1407 3169 ΕΤ
1439 3122 1634 3170 ΕΧΟΝ.
1670 3121 2123 3170 DENARIORUM.

448 3244 535 3307 Et
563 3242 633 3307 in
663 3243 803 3307 den.
839 3243 1028 3306 Leon.
1063 3241 1367 3306 Bekwith
1397 3246 1512 3306 eto.
1552 3242 1652 3325 [ut
1680 3240 1921 3324 supra}

447 3344 534 3408 Et
578 3363 747 3409 oner.
796 3344 868 3407 in
921 3362 1122 3427 comp.
1171 3341 1460 3426 ejusdem
1505 3341 1881 3425 Receptoris
1927 3345 2006 3405 ut
2049 3361 2164 3425 pro
2201 3347 2385 3406 tanto
2426 3342 2638 3407 denar.

361 3465 474 3528 per
516 3462 724 3526 nuper
765 3443 1092 3507 Abbatem
1135 3447 1201 3507 et
1233 3441 1430 3506 Conv.
1463 3440 1624 3505 dicti
1668 3460 1876 3523 nuper
1904 3439 2135 3505 Mon'ii
2177 3446 2327 3506 ante
2367 3440 2641 3505 dissolu-

362 3545 608 3607 tionem
637 3541 790 3608 inde
818 3547 1051 3626 recept.
1082 3542 1161 3607 de
1191 3540 1365 3606 redd.
1396 3546 1463 3607 et
1491 3541 1694 3605 firmis
1739 3539 1976 3604 debitis
2021 3539 2104 3604 ad
2147 3540 2188 3604 f.
2237 3540 2295 3605 S.
2340 3540 2430 3605 Μ.
2477 3540 2548 3605 in
2577 3539 2638 3603 h.

364 3642 534 3707 infra
561 3647 817 3726 tempus
846 3642 1042 3726 hujus
1072 3641 1372 3726 compoti,
1403 3639 1580 3704 xiili.
1612 3638 1744 3704 vis.
1776 3638 1895 3704 viii
1912 3639 1970 3704 d.

1130 3741 1395 3806 Summa
1425 3760 1558 3804 xxv
1576 3737 1641 3803 li.
1674 3738 1794 3802 viii
1811 3758 1856 3804 s.

457 3853 725 3918 Summa
764 3852 968 3918 Alloc.
1018 3857 1082 3917 et
1129 3852 1399 3917 Liberat.
1447 3850 1641 3936 praed.
1687 3849 1931 3915 xxixli.
1978 3871 2024 3914 x
2042 3871 2089 3914 s.
2189 3849 2348 3928 Quae
2392 3872 2644 3920 summa

368 3952 711 4037 coaequalis
740 3958 840 4018 est
870 3973 1018 4017 oum
1048 3972 1304 4016 summa
1333 3950 1556 4016 totalis
1588 3951 1890 4034 Receptae
1919 3950 2226 4034 superius.

1394 4173 1624 4238 DCLI.

709 4314 1171 4378 PARTICULARS
1201 4327 1325 4376 ron
1356 4311 1630 4376 GRANrs
1665 4314 1743 4375 37
1778 4310 1999 4375 HENR.
2033 4326 2173 4375 vn1.
2210 4316 2308 4376 65.

459 4451 656 4517 Mem.
691 4450 835 4514 that
867 4451 920 4527 Ι,
949 4447 1232 4513 Richard
1266 4446 1608 4530 Cholmley
1640 4446 1711 4510 of
1733 4446 2011 4530 Whitby
2040 4448 2111 4510 in
2155 4448 2268 4512 the
2298 4449 2556 4513 countie
2586 4449 2659 4512 of

373 4551 602 4626 Yorke‚
651 4549 1248 4634 Knyght-esquyre,
1291 4555 1359 4613 to
1405 4545 1721 4632 purchase
1751 4546 1823 4611 of
1859 4546 1975 4610 the
2019 4547 2288 4631 Kynges
2334 4547 2654 4628 Majestie‚
