<?xml version="1.0" encoding="UTF-8"?>
<!DOCTYPE html PUBLIC "-//W3C//DTD XHTML 1.0 Transitional//EN"
    "http://www.w3.org/TR/xhtml1/DTD/xhtml1-transitional.dtd">
<html xmlns="http://www.w3.org/1999/xhtml" xml:lang="en" lang="en">
 <head>
  <title>
</title>
<meta http-equiv="Content-Type" content="text/html;charset=utf-8" />
  <meta name='ocr-system' content='tesseract 3.04.00' />
  <meta name='ocr-capabilities' content='ocr_page ocr_carea ocr_par ocr_line ocrx_word'/>
</head>
<body>
  <div class='ocr_page' id='page_1' title='image "./cartulariumabba02atkigoog_0073.png"; bbox 0 0 3254 5140; ppageno 0'>
   <div class='ocr_carea' id='block_1_1' title="bbox 772 515 2668 580">
    <p class='ocr_par' dir='ltr' id='par_1_1' title="bbox 772 515 2668 580">
     <span class='ocr_line' id='line_1_1' title="bbox 772 515 2668 580; baseline -0.003 -3"><span class='ocrx_word' id='word_1_1' title='bbox 772 525 1317 579; x_wconf 76' lang='lat' dir='ltr'>CARTULARIUM</span> <span class='ocrx_word' id='word_1_2' title='bbox 1348 527 1756 579; x_wconf 79' lang='lat' dir='ltr'>ABBATHIAE</span> <span class='ocrx_word' id='word_1_3' title='bbox 1789 528 1888 579; x_wconf 79' lang='lat' dir='ltr'>DE</span> <span class='ocrx_word' id='word_1_4' title='bbox 1919 528 2292 580; x_wconf 82' lang='lat' dir='ltr'>WHITEBY.</span> <span class='ocrx_word' id='word_1_5' title='bbox 2545 515 2668 573; x_wconf 81' lang='lat'>413</span> 
     </span>
    </p>
   </div>
   <div class='ocr_carea' id='block_1_2' title="bbox 389 690 2676 2363">
    <p class='ocr_par' dir='ltr' id='par_1_2' title="bbox 389 690 2676 2363">
     <span class='ocr_line' id='line_1_2' title="bbox 391 690 2671 775; baseline 0.002 -25"><span class='ocrx_word' id='word_1_6' title='bbox 391 692 522 751; x_wconf 90' lang='lat' dir='ltr'>tres</span> <span class='ocrx_word' id='word_1_7' title='bbox 552 708 729 753; x_wconf 83' lang='lat' dir='ltr'>acras</span> <span class='ocrx_word' id='word_1_8' title='bbox 761 690 893 753; x_wconf 83' lang='lat' dir='ltr'>t’rae</span> <span class='ocrx_word' id='word_1_9' title='bbox 922 692 1107 767; x_wconf 68' lang='lat' dir='ltr'>arab„</span> <span class='ocrx_word' id='word_1_10' title='bbox 1138 712 1332 775; x_wconf 79' lang='lat' dir='ltr'>quam</span> <span class='ocrx_word' id='word_1_11' title='bbox 1363 693 1504 757; x_wconf 80' lang='lat' dir='ltr'>bov,</span> <span class='ocrx_word' id='word_1_12' title='bbox 1537 692 1688 768; x_wconf 86' lang='lat' dir='ltr'>t&#39;rae,</span> <span class='ocrx_word' id='word_1_13' title='bbox 1720 692 1801 755; x_wconf 86' lang='lat' dir='ltr'>ad</span> <span class='ocrx_word' id='word_1_14' title='bbox 1839 692 2224 757; x_wconf 90' lang='lat' dir='ltr'>solutionem</span> <span class='ocrx_word' id='word_1_15' title='bbox 2257 697 2531 775; x_wconf 86' lang='lat' dir='ltr'>quatuor</span> <span class='ocrx_word' id='word_1_16' title='bbox 2561 692 2671 755; x_wconf 90' lang='grc'><strong>801.</strong></span> 
     </span>
     <span class='ocr_line' id='line_1_3' title="bbox 390 787 2673 874; baseline 0.003 -26"><span class='ocrx_word' id='word_1_17' title='bbox 390 787 592 849; x_wconf 83' lang='lat' dir='ltr'>annui</span> <span class='ocrx_word' id='word_1_18' title='bbox 621 787 912 852; x_wconf 87' lang='lat' dir='ltr'>redditus</span> <span class='ocrx_word' id='word_1_19' title='bbox 958 789 1200 854; x_wconf 89' lang='lat' dir='ltr'>eisdem</span> <span class='ocrx_word' id='word_1_20' title='bbox 1227 790 1392 855; x_wconf 88' lang='lat' dir='ltr'>Abb.</span> <span class='ocrx_word' id='word_1_21' title='bbox 1425 796 1490 854; x_wconf 94' lang='lat' dir='ltr'>et</span> <span class='ocrx_word' id='word_1_22' title='bbox 1537 791 1755 867; x_wconf 73' lang='lat' dir='ltr'>Conv„</span> <span class='ocrx_word' id='word_1_23' title='bbox 1786 799 1853 855; x_wconf 92' lang='lat' dir='ltr'>et</span> <span class='ocrx_word' id='word_1_24' title='bbox 1882 811 2106 855; x_wconf 87' lang='lat' dir='ltr'>eorum</span> <span class='ocrx_word' id='word_1_25' title='bbox 2149 811 2437 868; x_wconf 69' lang='lat' dir='ltr'>success„</span> <span class='ocrx_word' id='word_1_26' title='bbox 2479 790 2673 874; x_wconf 85' lang='lat' dir='ltr'>praed.</span> 
     </span>
     <span class='ocr_line' id='line_1_4' title="bbox 390 886 2674 972; baseline 0.003 -26"><span class='ocrx_word' id='word_1_27' title='bbox 390 889 591 962; x_wconf 67' lang='lat' dir='ltr'>term„</span> <span class='ocrx_word' id='word_1_28' title='bbox 622 894 881 950; x_wconf 79' lang='lat' dir='ltr'>annuat.</span> <span class='ocrx_word' id='word_1_29' title='bbox 913 887 1177 971; x_wconf 91' lang='lat' dir='ltr'>imperp.</span> <span class='ocrx_word' id='word_1_30' title='bbox 1210 888 1794 972; x_wconf 88' lang='lat' dir='ltr'>persolvendorum,</span> <span class='ocrx_word' id='word_1_31' title='bbox 1838 894 1904 952; x_wconf 91' lang='lat' dir='ltr'>et</span> <span class='ocrx_word' id='word_1_32' title='bbox 1933 886 2080 952; x_wconf 73' lang='lat' dir='ltr'>wlt1</span> <span class='ocrx_word' id='word_1_33' title='bbox 2111 894 2177 952; x_wconf 91' lang='lat' dir='ltr'>et</span> <span class='ocrx_word' id='word_1_34' title='bbox 2220 889 2531 965; x_wconf 87' lang='lat' dir='ltr'>concedit,</span> <span class='ocrx_word' id='word_1_35' title='bbox 2560 909 2674 972; x_wconf 88' lang='lat' dir='ltr'>pro</span> 
     </span>
     <span class='ocr_line' id='line_1_5' title="bbox 391 983 2676 1071; baseline 0.002 -25"><span class='ocrx_word' id='word_1_36' title='bbox 391 1002 461 1046; x_wconf 87' lang='lat' dir='ltr'>se</span> <span class='ocrx_word' id='word_1_37' title='bbox 505 991 573 1047; x_wconf 95' lang='lat' dir='ltr'>et</span> <span class='ocrx_word' id='word_1_38' title='bbox 601 983 745 1048; x_wconf 86' lang='lat' dir='ltr'>haer.</span> <span class='ocrx_word' id='word_1_39' title='bbox 780 986 932 1062; x_wconf 78' lang='lat' dir='ltr'>suiS,</span> <span class='ocrx_word' id='word_1_40' title='bbox 962 986 1133 1070; x_wconf 88' lang='lat' dir='ltr'>quod</span> <span class='ocrx_word' id='word_1_41' title='bbox 1180 987 1235 1051; x_wconf 89' lang='lat' dir='ltr'>si</span> <span class='ocrx_word' id='word_1_42' title='bbox 1263 988 1454 1071; x_wconf 85' lang='lat' dir='ltr'>praed.</span> <span class='ocrx_word' id='word_1_43' title='bbox 1486 1007 1742 1051; x_wconf 85' lang='lat' dir='ltr'>annuus</span> <span class='ocrx_word' id='word_1_44' title='bbox 1787 987 1958 1051; x_wconf 84' lang='lat' dir='ltr'><strong>redd.</strong></span> <span class='ocrx_word' id='word_1_45' title='bbox 1991 992 2266 1070; x_wconf 83' lang='lat' dir='ltr'>quatuor</span> <span class='ocrx_word' id='word_1_46' title='bbox 2295 987 2404 1051; x_wconf 89' lang='lat' dir='ltr'>sol.</span> <span class='ocrx_word' id='word_1_47' title='bbox 2437 1008 2560 1071; x_wconf 84' lang='lat' dir='ltr'>arg.</span> <span class='ocrx_word' id='word_1_48' title='bbox 2594 988 2676 1050; x_wconf 83' lang='lat' dir='ltr'>ad</span> 
     </span>
     <span class='ocr_line' id='line_1_6' title="bbox 391 1082 2676 1169; baseline 0.002 -24"><span class='ocrx_word' id='word_1_49' title='bbox 391 1082 673 1166; x_wconf 82' lang='lat' dir='ltr'><strong>aliquem</strong></span> <span class='ocrx_word' id='word_1_50' title='bbox 718 1090 897 1148; x_wconf 88' lang='lat' dir='ltr'>term.</span> <span class='ocrx_word' id='word_1_51' title='bbox 931 1085 1000 1148; x_wconf 91' lang='lat' dir='ltr'>in</span> <span class='ocrx_word' id='word_1_52' title='bbox 1033 1091 1214 1169; x_wconf 87' lang='lat' dir='ltr'>parte</span> <span class='ocrx_word' id='word_1_53' title='bbox 1244 1087 1348 1151; x_wconf 87' lang='lat' dir='ltr'>vel</span> <span class='ocrx_word' id='word_1_54' title='bbox 1380 1088 1451 1150; x_wconf 89' lang='lat' dir='ltr'>in</span> <span class='ocrx_word' id='word_1_55' title='bbox 1495 1092 1633 1150; x_wconf 90' lang='lat' dir='ltr'>toto</span> <span class='ocrx_word' id='word_1_56' title='bbox 1674 1108 1713 1150; x_wconf 82' lang='lat' dir='ltr'><strong>a</strong></span> <span class='ocrx_word' id='word_1_57' title='bbox 1756 1095 1925 1151; x_wconf 92' lang='lat' dir='ltr'>retro</span> <span class='ocrx_word' id='word_1_58' title='bbox 1971 1087 2166 1150; x_wconf 88' lang='lat' dir='ltr'>fuerit</span> <span class='ocrx_word' id='word_1_59' title='bbox 2211 1107 2341 1149; x_wconf 91' lang='lat' dir='ltr'>non</span> <span class='ocrx_word' id='word_1_60' title='bbox 2381 1086 2676 1162; x_wconf 68' lang='lat' dir='ltr'>solutus,2</span> 
     </span>
     <span class='ocr_line' id='line_1_7' title="bbox 391 1181 2675 1262; baseline 0.002 -18"><span class='ocrx_word' id='word_1_61' title='bbox 391 1181 555 1246; x_wconf 89' lang='lat' dir='ltr'>bene</span> <span class='ocrx_word' id='word_1_62' title='bbox 595 1182 786 1247; x_wconf 82' lang='lat' dir='ltr'>liceat</span> <span class='ocrx_word' id='word_1_63' title='bbox 831 1184 1070 1249; x_wconf 84' lang='lat' dir='ltr'>eisdem</span> <span class='ocrx_word' id='word_1_64' title='bbox 1100 1186 1340 1249; x_wconf 79' lang='lat' dir='ltr'><strong>Abbati</strong></span> <span class='ocrx_word' id='word_1_65' title='bbox 1372 1191 1438 1249; x_wconf 91' lang='lat' dir='ltr'>et</span> <span class='ocrx_word' id='word_1_66' title='bbox 1484 1185 1703 1262; x_wconf 70' lang='lat' dir='ltr'>Conv„</span> <span class='ocrx_word' id='word_1_67' title='bbox 1734 1191 1799 1250; x_wconf 93' lang='lat' dir='ltr'>et</span> <span class='ocrx_word' id='word_1_68' title='bbox 1844 1206 2063 1250; x_wconf 89' lang='lat' dir='ltr'>eorum</span> <span class='ocrx_word' id='word_1_69' title='bbox 2109 1206 2293 1262; x_wconf 70' lang='lat' dir='ltr'>succ„</span> <span class='ocrx_word' id='word_1_70' title='bbox 2324 1190 2437 1249; x_wconf 85' lang='lat' dir='ltr'>aut</span> <span class='ocrx_word' id='word_1_71' title='bbox 2481 1185 2675 1248; x_wconf 80' lang='lat' dir='ltr'>alicui</span> 
     </span>
     <span class='ocr_line' id='line_1_8' title="bbox 391 1283 2673 1368; baseline 0.002 -25"><span class='ocrx_word' id='word_1_72' title='bbox 391 1300 611 1344; x_wconf 89' lang='lat' dir='ltr'>eorum</span> <span class='ocrx_word' id='word_1_73' title='bbox 643 1283 918 1362; x_wconf 89' lang='lat' dir='ltr'>nomine,</span> <span class='ocrx_word' id='word_1_74' title='bbox 948 1289 1084 1348; x_wconf 87' lang='lat' dir='ltr'>tam</span> <span class='ocrx_word' id='word_1_75' title='bbox 1115 1285 1185 1347; x_wconf 92' lang='lat' dir='ltr'>in</span> <span class='ocrx_word' id='word_1_76' title='bbox 1213 1285 1420 1348; x_wconf 85' lang='lat' dir='ltr'>tribus</span> <span class='ocrx_word' id='word_1_77' title='bbox 1438 1286 1614 1348; x_wconf 68' lang='lat' dir='ltr'>*acris</span> <span class='ocrx_word' id='word_1_78' title='bbox 1636 1285 1766 1348; x_wconf 84' lang='lat' dir='ltr'>t&#39;rae</span> <span class='ocrx_word' id='word_1_79' title='bbox 1798 1285 2146 1348; x_wconf 79' lang='lat' dir='ltr'>arabilibus</span> <span class='ocrx_word' id='word_1_80' title='bbox 2166 1305 2360 1368; x_wconf 83' lang='lat' dir='ltr'>quam</span> <span class='ocrx_word' id='word_1_81' title='bbox 2392 1285 2461 1346; x_wconf 93' lang='lat' dir='ltr'>in</span> <span class='ocrx_word' id='word_1_82' title='bbox 2483 1284 2673 1367; x_wconf 83' lang='lat' dir='ltr'>praed.</span> 
     </span>
     <span class='ocr_line' id='line_1_9' title="bbox 391 1378 2674 1467; baseline 0.002 -25"><span class='ocrx_word' id='word_1_83' title='bbox 391 1378 531 1443; x_wconf 88' lang='lat' dir='ltr'>bov.</span> <span class='ocrx_word' id='word_1_84' title='bbox 586 1380 734 1458; x_wconf 82' lang='lat' dir='ltr'>t&#39;rae,</span> <span class='ocrx_word' id='word_1_85' title='bbox 788 1403 935 1446; x_wconf 87' lang='lat' dir='ltr'>cum</span> <span class='ocrx_word' id='word_1_86' title='bbox 984 1384 1117 1447; x_wconf 90' lang='lat' dir='ltr'>suis</span> <span class='ocrx_word' id='word_1_87' title='bbox 1166 1391 1345 1466; x_wconf 65' lang='lat' dir='ltr'>pert„</span> <span class='ocrx_word' id='word_1_88' title='bbox 1393 1383 1634 1467; x_wconf 91' lang='lat' dir='ltr'>ubique</span> <span class='ocrx_word' id='word_1_89' title='bbox 1683 1384 2081 1467; x_wconf 79' lang='lat' dir='ltr'>distringere,</span> <span class='ocrx_word' id='word_1_90' title='bbox 2129 1390 2193 1447; x_wconf 92' lang='lat' dir='ltr'>et</span> <span class='ocrx_word' id='word_1_91' title='bbox 2243 1382 2674 1447; x_wconf 79' lang='lat' dir='ltr'>districtiones</span> 
     </span>
     <span class='ocr_line' id='line_1_10' title="bbox 390 1479 2672 1567; baseline 0.002 -26"><span class='ocrx_word' id='word_1_92' title='bbox 390 1479 666 1544; x_wconf 88' lang='lat' dir='ltr'>retinere</span> <span class='ocrx_word' id='word_1_93' title='bbox 711 1501 1144 1565; x_wconf 87' lang='lat' dir='ltr'>quascunque,</span> <span class='ocrx_word' id='word_1_94' title='bbox 1188 1502 1520 1566; x_wconf 84' lang='lat' dir='ltr'>quousque</span> <span class='ocrx_word' id='word_1_95' title='bbox 1566 1483 1645 1546; x_wconf 92' lang='lat' dir='ltr'>de</span> <span class='ocrx_word' id='word_1_96' title='bbox 1690 1484 1878 1567; x_wconf 82' lang='lat' dir='ltr'>praed.</span> <span class='ocrx_word' id='word_1_97' title='bbox 1926 1482 2181 1547; x_wconf 88' lang='lat' dir='ltr'>redditu</span> <span class='ocrx_word' id='word_1_98' title='bbox 2227 1482 2672 1566; x_wconf 86' lang='lat' dir='ltr'>consequendo</span> 
     </span>
     <span class='ocr_line' id='line_1_11' title="bbox 390 1578 2667 1666; baseline 0.002 -25"><span class='ocrx_word' id='word_1_99' title='bbox 390 1578 632 1642; x_wconf 89' lang='lat' dir='ltr'>eisdem</span> <span class='ocrx_word' id='word_1_100' title='bbox 663 1579 946 1662; x_wconf 84' lang='lat' dir='ltr'>plenarie</span> <span class='ocrx_word' id='word_1_101' title='bbox 976 1582 1170 1645; x_wconf 86' lang='lat' dir='ltr'>fuerit</span> <span class='ocrx_word' id='word_1_102' title='bbox 1199 1582 1613 1647; x_wconf 83' lang='lat' dir='ltr'>satisfactum.</span> <span class='ocrx_word' id='word_1_103' title='bbox 1703 1582 1791 1646; x_wconf 89' lang='lat' dir='ltr'>Et</span> <span class='ocrx_word' id='word_1_104' title='bbox 1820 1583 2008 1666; x_wconf 75' lang='lat' dir='ltr'>praed.</span> <span class='ocrx_word' id='word_1_105' title='bbox 2035 1581 2402 1646; x_wconf 86' lang='lat' dir='ltr'>Willelmus</span> <span class='ocrx_word' id='word_1_106' title='bbox 2425 1589 2491 1646; x_wconf 91' lang='lat' dir='ltr'>et</span> <span class='ocrx_word' id='word_1_107' title='bbox 2521 1582 2667 1645; x_wconf 84' lang='lat' dir='ltr'>haer.</span> 
     </span>
     <span class='ocr_line' id='line_1_12' title="bbox 390 1678 2670 1766; baseline 0.002 -25"><span class='ocrx_word' id='word_1_108' title='bbox 390 1678 493 1741; x_wconf 88' lang='lat' dir='ltr'>sui</span> <span class='ocrx_word' id='word_1_109' title='bbox 536 1678 726 1761; x_wconf 84' lang='lat' dir='ltr'>praed.</span> <span class='ocrx_word' id='word_1_110' title='bbox 759 1699 904 1744; x_wconf 88' lang='lat' dir='ltr'>ann.</span> <span class='ocrx_word' id='word_1_111' title='bbox 938 1680 1110 1744; x_wconf 86' lang='lat' dir='ltr'>redd.</span> <span class='ocrx_word' id='word_1_112' title='bbox 1142 1687 1420 1764; x_wconf 87' lang='lat' dir='ltr'>quatuor</span> <span class='ocrx_word' id='word_1_113' title='bbox 1464 1681 1577 1745; x_wconf 90' lang='lat' dir='ltr'>sol.</span> <span class='ocrx_word' id='word_1_114' title='bbox 1611 1702 1758 1766; x_wconf 68' lang='lat' dir='ltr'>arg„</span> <span class='ocrx_word' id='word_1_115' title='bbox 1787 1688 1865 1745; x_wconf 90' lang='lat' dir='ltr'>ut</span> <span class='ocrx_word' id='word_1_116' title='bbox 1893 1681 2293 1765; x_wconf 88' lang='lat' dir='ltr'>praemissum</span> <span class='ocrx_word' id='word_1_117' title='bbox 2334 1686 2449 1759; x_wconf 90' lang='lat' dir='ltr'>est,</span> <span class='ocrx_word' id='word_1_118' title='bbox 2481 1682 2670 1764; x_wconf 83' lang='lat' dir='ltr'>praed.</span> 
     </span>
     <span class='ocr_line' id='line_1_13' title="bbox 389 1778 2667 1865; baseline 0.002 -24"><span class='ocrx_word' id='word_1_119' title='bbox 389 1778 557 1842; x_wconf 88' lang='lat' dir='ltr'>Abb.</span> <span class='ocrx_word' id='word_1_120' title='bbox 590 1785 655 1843; x_wconf 91' lang='lat' dir='ltr'>et</span> <span class='ocrx_word' id='word_1_121' title='bbox 675 1779 893 1857; x_wconf 67' lang='lat' dir='ltr'>ConV„</span> <span class='ocrx_word' id='word_1_122' title='bbox 917 1785 982 1843; x_wconf 90' lang='lat' dir='ltr'>et</span> <span class='ocrx_word' id='word_1_123' title='bbox 1004 1801 1223 1844; x_wconf 88' lang='lat' dir='ltr'>eorum</span> <span class='ocrx_word' id='word_1_124' title='bbox 1247 1801 1430 1855; x_wconf 73' lang='lat' dir='ltr'>succ,</span> <span class='ocrx_word' id='word_1_125' title='bbox 1456 1802 1506 1846; x_wconf 88' lang='lat' dir='ltr'>c.</span> <span class='ocrx_word' id='word_1_126' title='bbox 1532 1802 1583 1845; x_wconf 93' lang='grc'>0.</span> <span class='ocrx_word' id='word_1_127' title='bbox 1617 1781 1678 1845; x_wconf 87' lang='grc'>11.</span> <span class='ocrx_word' id='word_1_128' title='bbox 1703 1781 2146 1845; x_wconf 78' lang='lat' dir='ltr'>warantizabit</span> <span class='ocrx_word' id='word_1_129' title='bbox 2175 1782 2667 1865; x_wconf 81' lang='lat' dir='ltr'>imperpetuum.</span> 
     </span>
     <span class='ocr_line' id='line_1_14' title="bbox 391 1876 2667 1964; baseline 0.001 -24"><span class='ocrx_word' id='word_1_130' title='bbox 391 1876 477 1940; x_wconf 94' lang='lat' dir='ltr'>In</span> <span class='ocrx_word' id='word_1_131' title='bbox 505 1877 689 1960; x_wconf 85' lang='lat' dir='ltr'>cujus</span> <span class='ocrx_word' id='word_1_132' title='bbox 718 1878 811 1942; x_wconf 92' lang='lat' dir='ltr'>rei</span> <span class='ocrx_word' id='word_1_133' title='bbox 840 1884 983 1943; x_wconf 89' lang='lat' dir='ltr'>test.</span> <span class='ocrx_word' id='word_1_134' title='bbox 1006 1880 1176 1963; x_wconf 85' lang='lat' dir='ltr'>parti</span> <span class='ocrx_word' id='word_1_135' title='bbox 1205 1879 1395 1944; x_wconf 89' lang='lat' dir='ltr'>istius</span> <span class='ocrx_word' id='word_1_136' title='bbox 1425 1881 1786 1944; x_wconf 86' lang='lat' dir='ltr'>indenturae</span> <span class='ocrx_word' id='word_1_137' title='bbox 1816 1901 2011 1964; x_wconf 88' lang='lat' dir='ltr'>penes</span> <span class='ocrx_word' id='word_1_138' title='bbox 2041 1881 2231 1964; x_wconf 89' lang='lat' dir='ltr'>praed.</span> <span class='ocrx_word' id='word_1_139' title='bbox 2263 1879 2667 1944; x_wconf 89' lang='lat' dir='ltr'>Willelmum</span> 
     </span>
     <span class='ocr_line' id='line_1_15' title="bbox 389 1976 2673 2064; baseline 0.001 -24"><span class='ocrx_word' id='word_1_140' title='bbox 389 1976 714 2054; x_wconf 78' lang='lat' dir='ltr'>residenti,</span> <span class='ocrx_word' id='word_1_141' title='bbox 744 1978 936 2060; x_wconf 83' lang='lat' dir='ltr'>praed.</span> <span class='ocrx_word' id='word_1_142' title='bbox 954 1979 1175 2043; x_wconf 82' lang='lat' dir='ltr'>Abbas</span> <span class='ocrx_word' id='word_1_143' title='bbox 1207 1985 1273 2043; x_wconf 92' lang='lat' dir='ltr'>et</span> <span class='ocrx_word' id='word_1_144' title='bbox 1296 1980 1429 2044; x_wconf 84' lang='lat' dir='ltr'>Gon</span> <span class='ocrx_word' id='word_1_145' title='bbox 1439 2001 1492 2044; x_wconf 89' lang='lat' dir='ltr'>v.</span> <span class='ocrx_word' id='word_1_146' title='bbox 1519 2001 1857 2044; x_wconf 86' lang='lat' dir='ltr'>commune</span> <span class='ocrx_word' id='word_1_147' title='bbox 1877 1981 1987 2064; x_wconf 83' lang='lat' dir='ltr'>sig.</span> <span class='ocrx_word' id='word_1_148' title='bbox 2010 2000 2200 2044; x_wconf 88' lang='lat' dir='ltr'>suum</span> <span class='ocrx_word' id='word_1_149' title='bbox 2221 1986 2673 2063; x_wconf 83' lang='lat' dir='ltr'>apposuerunt,</span> 
     </span>
     <span class='ocr_line' id='line_1_16' title="bbox 389 2076 2673 2164; baseline 0.002 -25"><span class='ocrx_word' id='word_1_150' title='bbox 389 2076 593 2140; x_wconf 84' lang='lat' dir='ltr'>altera</span> <span class='ocrx_word' id='word_1_151' title='bbox 637 2097 789 2141; x_wconf 90' lang='lat' dir='ltr'>vero</span> <span class='ocrx_word' id='word_1_152' title='bbox 849 2083 1027 2160; x_wconf 81' lang='lat' dir='ltr'>parte</span> <span class='ocrx_word' id='word_1_153' title='bbox 1081 2078 1294 2162; x_wconf 86' lang='lat' dir='ltr'>sigillo</span> <span class='ocrx_word' id='word_1_154' title='bbox 1355 2079 1643 2163; x_wconf 87' lang='lat' dir='ltr'>ejusdem</span> <span class='ocrx_word' id='word_1_155' title='bbox 1704 2080 2095 2164; x_wconf 84' lang='lat' dir='ltr'>consignata.</span> <span class='ocrx_word' id='word_1_156' title='bbox 2200 2080 2447 2143; x_wconf 86' lang='lat' dir='ltr'>Datum</span> <span class='ocrx_word' id='word_1_157' title='bbox 2499 2079 2673 2162; x_wconf 83' lang='lat' dir='ltr'>apud</span> 
     </span>
     <span class='ocr_line' id='line_1_17' title="bbox 389 2176 2669 2262; baseline 0.001 -23"><span class='ocrx_word' id='word_1_158' title='bbox 389 2176 721 2260; x_wconf 84' lang='lat' dir='ltr'>Whiteby‚</span> <span class='ocrx_word' id='word_1_159' title='bbox 764 2176 867 2241; x_wconf 90' lang='lat' dir='ltr'>die</span> <span class='ocrx_word' id='word_1_160' title='bbox 918 2176 1188 2243; x_wconf 88' lang='lat' dir='ltr'>Veneris</span> <span class='ocrx_word' id='word_1_161' title='bbox 1234 2179 1525 2261; x_wconf 84' lang='lat' dir='ltr'>proxima</span> <span class='ocrx_word' id='word_1_162' title='bbox 1568 2184 1716 2262; x_wconf 87' lang='lat' dir='ltr'>post</span> <span class='ocrx_word' id='word_1_163' title='bbox 1760 2179 1800 2241; x_wconf 90' lang='lat' dir='ltr'>f.</span> <span class='ocrx_word' id='word_1_164' title='bbox 1861 2177 2323 2262; x_wconf 87' lang='lat' dir='ltr'>Apostolorum</span> <span class='ocrx_word' id='word_1_165' title='bbox 2370 2177 2669 2261; x_wconf 85' lang='lat' dir='ltr'>Symonis</span> 
     </span>
     <span class='ocr_line' id='line_1_18' title="bbox 390 2275 2270 2363; baseline 0.001 -23"><span class='ocrx_word' id='word_1_166' title='bbox 390 2280 459 2340; x_wconf 93' lang='lat' dir='ltr'>et</span> <span class='ocrx_word' id='word_1_167' title='bbox 487 2276 532 2340; x_wconf 85' lang='lat' dir='ltr'>J</span> <span class='ocrx_word' id='word_1_168' title='bbox 537 2275 697 2353; x_wconf 85' lang='lat' dir='ltr'>udae,</span> <span class='ocrx_word' id='word_1_169' title='bbox 727 2275 888 2341; x_wconf 84' lang='lat' dir='ltr'>A.D.</span> <span class='ocrx_word' id='word_1_170' title='bbox 920 2277 1264 2341; x_wconf 86' lang='lat' dir='ltr'>millesimo</span> <span class='ocrx_word' id='word_1_171' title='bbox 1296 2286 1478 2342; x_wconf 73' lang='lat' dir='ltr'>ccem⁰</span> <span class='ocrx_word' id='word_1_172' title='bbox 1508 2278 1993 2363; x_wconf 64' lang='lat' dir='ltr'>quadragesimo</span> <span class='ocrx_word' id='word_1_173' title='bbox 2026 2284 2270 2362; x_wconf 83' lang='lat' dir='ltr'>quartO.</span> 
     </span>
    </p>
   </div>
   <div class='ocr_carea' id='block_1_3' title="bbox 1306 2477 1764 2542">
    <p class='ocr_par' dir='ltr' id='par_1_3' title="bbox 1306 2477 1764 2542">
     <span class='ocr_line' id='line_1_19' title="bbox 1306 2477 1764 2542; baseline -0.002 0"><span class='ocrx_word' id='word_1_174' title='bbox 1306 2477 1764 2542; x_wconf 86' lang='lat' dir='ltr'>CCCCLXIV.</span> 
     </span>
    </p>
   </div>
   <div class='ocr_carea' id='block_1_4' title="bbox 389 2640 2668 3024">
    <p class='ocr_par' dir='ltr' id='par_1_4' title="bbox 389 2640 2668 3024">
     <span class='ocr_line' id='line_1_20' title="bbox 479 2640 2667 2726; baseline -0.001 -21"><span class='ocrx_word' id='word_1_175' title='bbox 479 2641 621 2724; x_wconf 90' lang='lat'><strong>(62)</strong></span> <span class='ocrx_word' id='word_1_176' title='bbox 655 2642 839 2705; x_wconf 91' lang='lat' dir='ltr'>Omn.</span> <span class='ocrx_word' id='word_1_177' title='bbox 874 2642 1116 2706; x_wconf 86' lang='lat' dir='ltr'>Christi</span> <span class='ocrx_word' id='word_1_178' title='bbox 1161 2642 1458 2707; x_wconf 88' lang='lat' dir='ltr'>fidelibus</span> <span class='ocrx_word' id='word_1_179' title='bbox 1489 2663 1579 2726; x_wconf 89' lang='lat' dir='ltr'>pr.</span> <span class='ocrx_word' id='word_1_180' title='bbox 1614 2663 1664 2706; x_wconf 91' lang='lat' dir='ltr'>c.</span> <span class='ocrx_word' id='word_1_181' title='bbox 1695 2642 1810 2705; x_wconf 87' lang='lat' dir='ltr'>vis.</span> <span class='ocrx_word' id='word_1_182' title='bbox 1844 2641 1951 2705; x_wconf 87' lang='lat' dir='ltr'>vel</span> <span class='ocrx_word' id='word_1_183' title='bbox 1983 2640 2144 2716; x_wconf 69' lang='lat' dir='ltr'>aud„</span> <span class='ocrx_word' id='word_1_184' title='bbox 2175 2640 2383 2704; x_wconf 88' lang='lat' dir='ltr'>D&#39;nus</span> <span class='ocrx_word' id='word_1_185' title='bbox 2416 2640 2667 2705; x_wconf 89' lang='lat' dir='ltr'>Willel-</span> 
     </span>
     <span class='ocr_line' id='line_1_21' title="bbox 390 2740 2668 2825; baseline -0 -20"><span class='ocrx_word' id='word_1_186' title='bbox 390 2762 536 2805; x_wconf 90' lang='lat' dir='ltr'>mus</span> <span class='ocrx_word' id='word_1_187' title='bbox 559 2742 638 2805; x_wconf 89' lang='lat' dir='ltr'>de</span> <span class='ocrx_word' id='word_1_188' title='bbox 661 2740 909 2824; x_wconf 78' lang='lat' dir='ltr'>Percy,⁸</span> <span class='ocrx_word' id='word_1_189' title='bbox 929 2742 1013 2805; x_wconf 93' lang='lat' dir='ltr'>fil.</span> <span class='ocrx_word' id='word_1_190' title='bbox 1040 2741 1194 2805; x_wconf 91' lang='lat' dir='ltr'>D&#39;ni</span> <span class='ocrx_word' id='word_1_191' title='bbox 1215 2742 1531 2806; x_wconf 86' lang='lat' dir='ltr'>Willelmi</span> <span class='ocrx_word' id='word_1_192' title='bbox 1557 2741 1636 2805; x_wconf 89' lang='lat' dir='ltr'>de</span> <span class='ocrx_word' id='word_1_193' title='bbox 1659 2741 1862 2825; x_wconf 89' lang='lat' dir='ltr'>Percy</span> <span class='ocrx_word' id='word_1_194' title='bbox 1881 2741 1959 2805; x_wconf 90' lang='lat' dir='ltr'>de</span> <span class='ocrx_word' id='word_1_195' title='bbox 1985 2740 2265 2817; x_wconf 87' lang='lat' dir='ltr'>Kildale,</span> <span class='ocrx_word' id='word_1_196' title='bbox 2283 2746 2350 2804; x_wconf 88' lang='lat' dir='ltr'>et</span> <span class='ocrx_word' id='word_1_197' title='bbox 2366 2741 2411 2805; x_wconf 85' lang='lat' dir='ltr'>J</span> <span class='ocrx_word' id='word_1_198' title='bbox 2415 2740 2668 2804; x_wconf 82' lang='lat' dir='ltr'>ohanna</span> 
     </span>
     <span class='ocr_line' id='line_1_22' title="bbox 389 2839 2666 2924; baseline -0.001 -19"><span class='ocrx_word' id='word_1_199' title='bbox 389 2860 553 2905; x_wconf 85' lang='lat' dir='ltr'>uxor</span> <span class='ocrx_word' id='word_1_200' title='bbox 575 2840 731 2923; x_wconf 89' lang='lat' dir='ltr'>ejus,</span> <span class='ocrx_word' id='word_1_201' title='bbox 753 2860 799 2903; x_wconf 89' lang='lat' dir='ltr'>s.</span> <span class='ocrx_word' id='word_1_202' title='bbox 826 2839 896 2903; x_wconf 95' lang='lat' dir='ltr'>in</span> <span class='ocrx_word' id='word_1_203' title='bbox 917 2840 1102 2903; x_wconf 90' lang='lat' dir='ltr'>D’n0.</span> <span class='ocrx_word' id='word_1_204' title='bbox 1181 2840 1247 2903; x_wconf 89' lang='lat' dir='ltr'>N</span> <span class='ocrx_word' id='word_1_205' title='bbox 1249 2841 1510 2905; x_wconf 89' lang='lat' dir='ltr'>overitis</span> <span class='ocrx_word' id='word_1_206' title='bbox 1534 2860 1669 2915; x_wconf 90' lang='lat' dir='ltr'>nos,</span> <span class='ocrx_word' id='word_1_207' title='bbox 1693 2861 1807 2924; x_wconf 89' lang='lat' dir='ltr'>pro</span> <span class='ocrx_word' id='word_1_208' title='bbox 1832 2861 1877 2904; x_wconf 90' lang='lat' dir='ltr'>s.</span> <span class='ocrx_word' id='word_1_209' title='bbox 1904 2839 2263 2903; x_wconf 80' lang='lat' dir='ltr'>animarum</span> <span class='ocrx_word' id='word_1_210' title='bbox 2285 2845 2666 2916; x_wconf 83' lang='lat' dir='ltr'>nostrarum,</span> 
     </span>
     <span class='ocr_line' id='line_1_23' title="bbox 390 2936 2663 3024; baseline -0.001 -20"><span class='ocrx_word' id='word_1_211' title='bbox 390 2946 456 3005; x_wconf 86' lang='lat' dir='ltr'>et</span> <span class='ocrx_word' id='word_1_212' title='bbox 493 2944 836 3024; x_wconf 87' lang='lat' dir='ltr'>parentum</span> <span class='ocrx_word' id='word_1_213' title='bbox 879 2946 1255 3017; x_wconf 88' lang='lat' dir='ltr'>nostrorum,</span> <span class='ocrx_word' id='word_1_214' title='bbox 1302 2959 1494 3016; x_wconf 80' lang='lat' dir='ltr'>conc,</span> <span class='ocrx_word' id='word_1_215' title='bbox 1538 2938 1749 3002; x_wconf 72' lang='lat' dir='ltr'>remis</span> <span class='ocrx_word' id='word_1_216' title='bbox 1796 2944 1862 3002; x_wconf 92' lang='lat' dir='ltr'>et</span> <span class='ocrx_word' id='word_1_217' title='bbox 1891 2960 1993 3021; x_wconf 91' lang='lat' dir='ltr'>qu.</span> <span class='ocrx_word' id='word_1_218' title='bbox 2027 2936 2100 3001; x_wconf 83' lang='lat' dir='ltr'>cl</span> <span class='ocrx_word' id='word_1_219' title='bbox 2133 2938 2273 3001; x_wconf 88' lang='lat' dir='ltr'>Deo</span> <span class='ocrx_word' id='word_1_220' title='bbox 2303 2942 2370 3001; x_wconf 92' lang='lat' dir='ltr'>et</span> <span class='ocrx_word' id='word_1_221' title='bbox 2400 2938 2570 3003; x_wconf 87' lang='lat' dir='ltr'>Ecel.</span> <span class='ocrx_word' id='word_1_222' title='bbox 2603 2938 2663 3002; x_wconf 82' lang='lat' dir='ltr'>S.</span> 
     </span>
    </p>
   </div>
   <div class='ocr_carea' id='block_1_5' title="bbox 386 3071 2665 4557">
    <p class='ocr_par' dir='ltr' id='par_1_5' title="bbox 460 3071 2590 3141">
     <span class='ocr_line' id='line_1_24' title="bbox 460 3071 2590 3141; baseline 0 -14"><span class='ocrx_word' id='word_1_223' title='bbox 460 3078 478 3109; x_wconf 94' lang='lat'>¹</span> <span class='ocrx_word' id='word_1_224' title='bbox 515 3078 602 3127; x_wconf 84' lang='lat' dir='ltr'>An</span> <span class='ocrx_word' id='word_1_225' title='bbox 626 3075 853 3128; x_wconf 73' lang='lat' dir='ltr'>unusual</span> <span class='ocrx_word' id='word_1_226' title='bbox 877 3076 1012 3126; x_wconf 80' lang='lat' dir='ltr'>form</span> <span class='ocrx_word' id='word_1_227' title='bbox 1037 3075 1092 3126; x_wconf 75' lang='lat' dir='ltr'>of</span> <span class='ocrx_word' id='word_1_228' title='bbox 1109 3076 1228 3126; x_wconf 69' lang='lat' dir='ltr'>vult.</span> <span class='ocrx_word' id='word_1_229' title='bbox 1551 3071 1573 3107; x_wconf 80' lang='lat'><strong>²</strong></span> <span class='ocrx_word' id='word_1_230' title='bbox 1607 3075 1745 3139; x_wconf 76' lang='lat' dir='ltr'>quod</span> <span class='ocrx_word' id='word_1_231' title='bbox 1768 3074 2031 3141; x_wconf 79' lang='lat' dir='ltr'>repeated,</span> <span class='ocrx_word' id='word_1_232' title='bbox 2057 3074 2161 3125; x_wconf 72' lang='lat' dir='ltr'>and</span> <span class='ocrx_word' id='word_1_233' title='bbox 2187 3075 2590 3141; x_wconf 77' lang='lat' dir='ltr'>unnecessarily.</span> 
     </span>
    </p>

    <p class='ocr_par' dir='ltr' id='par_1_6' title="bbox 386 3156 2665 4557">
     <span class='ocr_line' id='line_1_25' title="bbox 460 3156 2665 3223; baseline -0 -13"><span class='ocrx_word' id='word_1_234' title='bbox 460 3159 483 3193; x_wconf 81' lang='lat'><strong>³</strong></span> <span class='ocrx_word' id='word_1_235' title='bbox 516 3160 686 3211; x_wconf 83' lang='lat' dir='ltr'>There</span> <span class='ocrx_word' id='word_1_236' title='bbox 710 3159 755 3210; x_wconf 86' lang='lat' dir='ltr'>is</span> <span class='ocrx_word' id='word_1_237' title='bbox 780 3176 848 3209; x_wconf 90' lang='lat' dir='ltr'>no</span> <span class='ocrx_word' id='word_1_238' title='bbox 872 3159 1213 3223; x_wconf 79' lang='lat' dir='ltr'>uncertainty</span> <span class='ocrx_word' id='word_1_239' title='bbox 1237 3158 1402 3208; x_wconf 76' lang='lat' dir='ltr'>about</span> <span class='ocrx_word' id='word_1_240' title='bbox 1425 3157 1518 3208; x_wconf 91' lang='lat' dir='ltr'>the</span> <span class='ocrx_word' id='word_1_241' title='bbox 1543 3156 1776 3222; x_wconf 81' lang='lat' dir='ltr'>identity</span> <span class='ocrx_word' id='word_1_242' title='bbox 1801 3157 1857 3207; x_wconf 75' lang='lat' dir='ltr'>oi</span> <span class='ocrx_word' id='word_1_243' title='bbox 1893 3157 2004 3208; x_wconf 85' lang='lat' dir='ltr'>this</span> <span class='ocrx_word' id='word_1_244' title='bbox 2035 3172 2335 3223; x_wconf 71' lang='lat' dir='ltr'>personage.</span> <span class='ocrx_word' id='word_1_245' title='bbox 2410 3157 2523 3208; x_wconf 84' lang='lat' dir='ltr'>The</span> <span class='ocrx_word' id='word_1_246' title='bbox 2549 3158 2665 3210; x_wconf 83' lang='lat' dir='ltr'>first</span> 
     </span>
     <span class='ocr_line' id='line_1_26' title="bbox 388 3239 2662 3305; baseline -0.001 -11"><span class='ocrx_word' id='word_1_247' title='bbox 388 3243 492 3294; x_wconf 83' lang='lat' dir='ltr'>five</span> <span class='ocrx_word' id='word_1_248' title='bbox 528 3243 772 3294; x_wconf 82' lang='lat' dir='ltr'>descents</span> <span class='ocrx_word' id='word_1_249' title='bbox 808 3242 865 3292; x_wconf 85' lang='lat' dir='ltr'>of</span> <span class='ocrx_word' id='word_1_250' title='bbox 898 3242 991 3292; x_wconf 90' lang='lat' dir='ltr'>the</span> <span class='ocrx_word' id='word_1_251' title='bbox 1030 3241 1240 3291; x_wconf 74' lang='lat' dir='ltr'>Kildale</span> <span class='ocrx_word' id='word_1_252' title='bbox 1278 3241 1446 3305; x_wconf 85' lang='lat' dir='ltr'>Percy</span> <span class='ocrx_word' id='word_1_253' title='bbox 1470 3240 1659 3305; x_wconf 76' lang='lat' dir='ltr'>family</span> <span class='ocrx_word' id='word_1_254' title='bbox 1683 3256 1773 3291; x_wconf 78' lang='lat' dir='ltr'>are</span> <span class='ocrx_word' id='word_1_255' title='bbox 1808 3239 1960 3291; x_wconf 76' lang='lat' dir='ltr'>clear.</span> <span class='ocrx_word' id='word_1_256' title='bbox 2037 3239 2132 3290; x_wconf 88' lang='lat' dir='ltr'>See</span> <span class='ocrx_word' id='word_1_257' title='bbox 2171 3244 2321 3290; x_wconf 85' lang='lat' dir='ltr'>notes</span> <span class='ocrx_word' id='word_1_258' title='bbox 2355 3243 2414 3290; x_wconf 88' lang='lat' dir='ltr'>to</span> <span class='ocrx_word' id='word_1_259' title='bbox 2444 3240 2496 3289; x_wconf 88' lang='lat' dir='ltr'>N</span> <span class='ocrx_word' id='word_1_260' title='bbox 2500 3257 2544 3291; x_wconf 92' lang='lat' dir='ltr'>o.</span> <span class='ocrx_word' id='word_1_261' title='bbox 2577 3243 2662 3304; x_wconf 84' lang='lat'>27,</span> 
     </span>
     <span class='ocr_line' id='line_1_27' title="bbox 388 3322 2664 3394; baseline -0.002 -14"><span class='ocrx_word' id='word_1_262' title='bbox 388 3345 440 3394; x_wconf 88' lang='lat' dir='ltr'>p.</span> <span class='ocrx_word' id='word_1_263' title='bbox 480 3330 565 3389; x_wconf 86' lang='lat'>33,</span> <span class='ocrx_word' id='word_1_264' title='bbox 603 3326 709 3377; x_wconf 78' lang='lat' dir='ltr'>and</span> <span class='ocrx_word' id='word_1_265' title='bbox 745 3326 844 3377; x_wconf 88' lang='lat' dir='ltr'>No.</span> <span class='ocrx_word' id='word_1_266' title='bbox 889 3327 972 3387; x_wconf 87' lang='grc'>76,</span> <span class='ocrx_word' id='word_1_267' title='bbox 1010 3342 1059 3392; x_wconf 88' lang='lat' dir='ltr'>p.</span> <span class='ocrx_word' id='word_1_268' title='bbox 1102 3326 1185 3381; x_wconf 89' lang='grc'>73.</span> <span class='ocrx_word' id='word_1_269' title='bbox 1282 3324 1519 3375; x_wconf 76' lang='lat' dir='ltr'>william</span> <span class='ocrx_word' id='word_1_270' title='bbox 1555 3323 1623 3374; x_wconf 91' lang='lat' dir='ltr'>de</span> <span class='ocrx_word' id='word_1_271' title='bbox 1661 3324 1830 3388; x_wconf 86' lang='lat' dir='ltr'>Percy</span> <span class='ocrx_word' id='word_1_272' title='bbox 1865 3322 1930 3373; x_wconf 87' lang='lat' dir='ltr'>de</span> <span class='ocrx_word' id='word_1_273' title='bbox 1972 3322 2200 3386; x_wconf 78' lang='lat' dir='ltr'>Kildale,</span> <span class='ocrx_word' id='word_1_274' title='bbox 2239 3322 2333 3374; x_wconf 89' lang='lat' dir='ltr'>the</span> <span class='ocrx_word' id='word_1_275' title='bbox 2375 3324 2568 3374; x_wconf 86' lang='lat' dir='ltr'>second</span> <span class='ocrx_word' id='word_1_276' title='bbox 2609 3324 2664 3375; x_wconf 75' lang='lat' dir='ltr'>of</span> 
     </span>
     <span class='ocr_line' id='line_1_28' title="bbox 388 3405 2664 3472; baseline -0.002 -9"><span class='ocrx_word' id='word_1_277' title='bbox 388 3412 484 3464; x_wconf 86' lang='lat' dir='ltr'>the</span> <span class='ocrx_word' id='word_1_278' title='bbox 523 3427 692 3472; x_wconf 75' lang='lat' dir='ltr'>name,</span> <span class='ocrx_word' id='word_1_279' title='bbox 730 3408 1015 3460; x_wconf 86' lang='lat' dir='ltr'>succeeded</span> <span class='ocrx_word' id='word_1_280' title='bbox 1056 3408 1140 3459; x_wconf 88' lang='grc'><strong>1118</strong></span> <span class='ocrx_word' id='word_1_281' title='bbox 1181 3408 1359 3459; x_wconf 79' lang='lat' dir='ltr'>father</span> <span class='ocrx_word' id='word_1_282' title='bbox 1393 3407 1600 3458; x_wconf 77' lang='lat' dir='ltr'>Walter</span> <span class='ocrx_word' id='word_1_283' title='bbox 1642 3407 1701 3456; x_wconf 84' lang='lat' dir='ltr'>in</span> <span class='ocrx_word' id='word_1_284' title='bbox 1741 3407 1834 3457; x_wconf 90' lang='lat' dir='ltr'>the</span> <span class='ocrx_word' id='word_1_285' title='bbox 1876 3406 2129 3471; x_wconf 80' lang='lat' dir='ltr'>lordship,</span> <span class='ocrx_word' id='word_1_286' title='bbox 2168 3405 2274 3457; x_wconf 74' lang='lat' dir='ltr'>and</span> <span class='ocrx_word' id='word_1_287' title='bbox 2315 3407 2361 3456; x_wconf 81' lang='lat' dir='ltr'>is</span> <span class='ocrx_word' id='word_1_288' title='bbox 2403 3407 2566 3458; x_wconf 77' lang='lat' dir='ltr'>heard</span> <span class='ocrx_word' id='word_1_289' title='bbox 2608 3409 2664 3459; x_wconf 76' lang='lat' dir='ltr'>of</span> 
     </span>
     <span class='ocr_line' id='line_1_29' title="bbox 394 3489 2662 3558; baseline -0.002 -10"><span class='ocrx_word' id='word_1_290' title='bbox 394 3498 464 3548; x_wconf 81' lang='lat'>26</span> <span class='ocrx_word' id='word_1_291' title='bbox 501 3495 668 3545; x_wconf 87' lang='lat' dir='ltr'>Henr.</span> <span class='ocrx_word' id='word_1_292' title='bbox 695 3507 778 3544; x_wconf 85' lang='lat' dir='ltr'>m.</span> <span class='ocrx_word' id='word_1_293' title='bbox 806 3492 983 3556; x_wconf 58' lang='lat'>(1244,</span> <span class='ocrx_word' id='word_1_294' title='bbox 1012 3491 1207 3544; x_wconf 84' lang='lat' dir='ltr'>Yorks.</span> <span class='ocrx_word' id='word_1_295' title='bbox 1235 3492 1364 3558; x_wconf 88' lang='lat' dir='ltr'>Pipe</span> <span class='ocrx_word' id='word_1_296' title='bbox 1390 3490 1550 3554; x_wconf 87' lang='lat' dir='ltr'>Roll),</span> <span class='ocrx_word' id='word_1_297' title='bbox 1575 3490 1683 3541; x_wconf 86' lang='lat' dir='ltr'>and</span> <span class='ocrx_word' id='word_1_298' title='bbox 1718 3489 1804 3540; x_wconf 80' lang='lat' dir='ltr'>his</span> <span class='ocrx_word' id='word_1_299' title='bbox 1839 3489 1948 3540; x_wconf 79' lang='lat' dir='ltr'>seal</span> <span class='ocrx_word' id='word_1_300' title='bbox 1981 3489 2026 3540; x_wconf 82' lang='lat' dir='ltr'>is</span> <span class='ocrx_word' id='word_1_301' title='bbox 2063 3490 2118 3539; x_wconf 89' lang='lat' dir='ltr'>in</span> <span class='ocrx_word' id='word_1_302' title='bbox 2157 3489 2305 3541; x_wconf 72' lang='lat' dir='ltr'>Harl.</span> <span class='ocrx_word' id='word_1_303' title='bbox 2332 3504 2447 3541; x_wconf 75' lang='lat' dir='ltr'>MSS.</span> <span class='ocrx_word' id='word_1_304' title='bbox 2489 3493 2662 3554; x_wconf 84' lang='lat'>(1985,</span> 
     </span>
     <span class='ocr_line' id='line_1_30' title="bbox 388 3573 2661 3645; baseline -0.001 -17"><span class='ocrx_word' id='word_1_305' title='bbox 388 3596 439 3645; x_wconf 89' lang='lat' dir='ltr'>p.</span> <span class='ocrx_word' id='word_1_306' title='bbox 471 3580 596 3640; x_wconf 82' lang='lat'><strong>287)</strong></span> <span class='ocrx_word' id='word_1_307' title='bbox 622 3576 756 3628; x_wconf 79' lang='lat' dir='ltr'>with</span> <span class='ocrx_word' id='word_1_308' title='bbox 791 3576 885 3627; x_wconf 88' lang='lat' dir='ltr'>the</span> <span class='ocrx_word' id='word_1_309' title='bbox 921 3575 1023 3627; x_wconf 85' lang='lat' dir='ltr'>five</span> <span class='ocrx_word' id='word_1_310' title='bbox 1048 3575 1234 3637; x_wconf 80' lang='lat' dir='ltr'>fusils;</span> <span class='ocrx_word' id='word_1_311' title='bbox 1273 3575 1381 3626; x_wconf 77' lang='lat' dir='ltr'>and</span> <span class='ocrx_word' id='word_1_312' title='bbox 1416 3575 1471 3624; x_wconf 89' lang='lat' dir='ltr'>in</span> <span class='ocrx_word' id='word_1_313' title='bbox 1504 3574 1577 3626; x_wconf 75' lang='grc'>811</span> <span class='ocrx_word' id='word_1_314' title='bbox 1598 3573 1923 3641; x_wconf 77' lang='lat' dir='ltr'>probability</span> <span class='ocrx_word' id='word_1_315' title='bbox 1950 3573 2016 3624; x_wconf 89' lang='lat' dir='ltr'>he</span> <span class='ocrx_word' id='word_1_316' title='bbox 2042 3573 2087 3624; x_wconf 86' lang='lat' dir='ltr'>is</span> <span class='ocrx_word' id='word_1_317' title='bbox 2110 3573 2203 3624; x_wconf 85' lang='lat' dir='ltr'>the</span> <span class='ocrx_word' id='word_1_318' title='bbox 2228 3590 2350 3624; x_wconf 79' lang='lat' dir='ltr'>man</span> <span class='ocrx_word' id='word_1_319' title='bbox 2377 3590 2444 3624; x_wconf 93' lang='lat' dir='ltr'>on</span> <span class='ocrx_word' id='word_1_320' title='bbox 2469 3575 2661 3639; x_wconf 80' lang='lat' dir='ltr'>whom,</span> 
     </span>
     <span class='ocr_line' id='line_1_31' title="bbox 396 3656 2664 3724; baseline -0.003 -9"><span class='ocrx_word' id='word_1_321' title='bbox 396 3666 460 3715; x_wconf 87' lang='grc'><strong>13</strong></span> <span class='ocrx_word' id='word_1_322' title='bbox 485 3662 633 3712; x_wconf 82' lang='lat' dir='ltr'>Edw.</span> <span class='ocrx_word' id='word_1_323' title='bbox 666 3674 701 3713; x_wconf 84' lang='lat'>1.</span> <span class='ocrx_word' id='word_1_324' title='bbox 729 3662 927 3723; x_wconf 85' lang='lat'>(1285),</span> <span class='ocrx_word' id='word_1_325' title='bbox 953 3658 1047 3709; x_wconf 86' lang='lat' dir='ltr'>the</span> <span class='ocrx_word' id='word_1_326' title='bbox 1081 3659 1282 3723; x_wconf 85' lang='lat' dir='ltr'>Inquis.</span> <span class='ocrx_word' id='word_1_327' title='bbox 1314 3662 1346 3687; x_wconf 91' lang='lat'><strong>“</strong></span> <span class='ocrx_word' id='word_1_328' title='bbox 1364 3674 1522 3724; x_wconf 80' lang='lat' dir='ltr'>super</span> <span class='ocrx_word' id='word_1_329' title='bbox 1541 3662 1690 3708; x_wconf 80' lang='lat' dir='ltr'>statu</span> <span class='ocrx_word' id='word_1_330' title='bbox 1715 3657 1864 3708; x_wconf 84' lang='lat' dir='ltr'>will.</span> <span class='ocrx_word' id='word_1_331' title='bbox 1893 3656 1958 3707; x_wconf 87' lang='lat' dir='ltr'>de</span> <span class='ocrx_word' id='word_1_332' title='bbox 1984 3657 2152 3721; x_wconf 86' lang='lat' dir='ltr'>Percy</span> <span class='ocrx_word' id='word_1_333' title='bbox 2175 3657 2241 3707; x_wconf 89' lang='lat' dir='ltr'>de</span> <span class='ocrx_word' id='word_1_334' title='bbox 2267 3657 2534 3722; x_wconf 77' lang='lat' dir='ltr'>Kyldale”</span> <span class='ocrx_word' id='word_1_335' title='bbox 2554 3675 2664 3709; x_wconf 76' lang='lat' dir='ltr'>was</span> 
     </span>
     <span class='ocr_line' id='line_1_32' title="bbox 389 3739 2660 3807; baseline -0.002 -11"><span class='ocrx_word' id='word_1_336' title='bbox 389 3744 556 3805; x_wconf 74' lang='lat' dir='ltr'>made,</span> <span class='ocrx_word' id='word_1_337' title='bbox 584 3759 641 3793; x_wconf 75' lang='grc'>88</span> <span class='ocrx_word' id='word_1_338' title='bbox 677 3742 745 3792; x_wconf 90' lang='grc'>118</span> <span class='ocrx_word' id='word_1_339' title='bbox 780 3758 890 3793; x_wconf 75' lang='lat' dir='ltr'>was</span> <span class='ocrx_word' id='word_1_340' title='bbox 926 3757 996 3791; x_wconf 70' lang='lat' dir='ltr'>an</span> <span class='ocrx_word' id='word_1_341' title='bbox 1019 3741 1107 3793; x_wconf 88' lang='lat' dir='ltr'>old</span> <span class='ocrx_word' id='word_1_342' title='bbox 1134 3757 1257 3791; x_wconf 75' lang='lat' dir='ltr'>man</span> <span class='ocrx_word' id='word_1_343' title='bbox 1280 3739 1415 3791; x_wconf 82' lang='lat' dir='ltr'>with</span> <span class='ocrx_word' id='word_1_344' title='bbox 1438 3739 1866 3807; x_wconf 76' lang='lat' dir='ltr'>grandchildren‚</span> <span class='ocrx_word' id='word_1_345' title='bbox 1893 3756 1953 3790; x_wconf 81' lang='grc'>88</span> <span class='ocrx_word' id='word_1_346' title='bbox 1976 3739 2100 3790; x_wconf 78' lang='lat' dir='ltr'>well</span> <span class='ocrx_word' id='word_1_347' title='bbox 2124 3756 2183 3790; x_wconf 77' lang='lat' dir='ltr'>as</span> <span class='ocrx_word' id='word_1_348' title='bbox 2209 3740 2520 3805; x_wconf 74' lang='lat' dir='ltr'>paralysed3</span> <span class='ocrx_word' id='word_1_349' title='bbox 2557 3741 2660 3792; x_wconf 78' lang='lat' dir='ltr'>and</span> 
     </span>
     <span class='ocr_line' id='line_1_33' title="bbox 388 3821 2665 3889; baseline -0.002 -10"><span class='ocrx_word' id='word_1_350' title='bbox 388 3828 431 3879; x_wconf 75' lang='lat' dir='ltr'>if</span> <span class='ocrx_word' id='word_1_351' title='bbox 467 3844 542 3889; x_wconf 87' lang='lat' dir='ltr'>so,</span> <span class='ocrx_word' id='word_1_352' title='bbox 571 3826 666 3877; x_wconf 86' lang='lat' dir='ltr'>the</span> <span class='ocrx_word' id='word_1_353' title='bbox 703 3824 941 3875; x_wconf 76' lang='lat' dir='ltr'>William</span> <span class='ocrx_word' id='word_1_354' title='bbox 977 3823 1042 3874; x_wconf 90' lang='lat' dir='ltr'>de</span> <span class='ocrx_word' id='word_1_355' title='bbox 1080 3824 1248 3889; x_wconf 85' lang='lat' dir='ltr'>Percy</span> <span class='ocrx_word' id='word_1_356' title='bbox 1283 3824 1424 3874; x_wconf 86' lang='lat' dir='ltr'>filius</span> <span class='ocrx_word' id='word_1_357' title='bbox 1448 3823 1595 3874; x_wconf 89' lang='lat' dir='ltr'>Will.</span> <span class='ocrx_word' id='word_1_358' title='bbox 1624 3823 1693 3873; x_wconf 92' lang='lat' dir='ltr'>de</span> <span class='ocrx_word' id='word_1_359' title='bbox 1719 3823 1886 3887; x_wconf 85' lang='lat' dir='ltr'>Percy</span> <span class='ocrx_word' id='word_1_360' title='bbox 1910 3821 1976 3873; x_wconf 92' lang='lat' dir='ltr'>de</span> <span class='ocrx_word' id='word_1_361' title='bbox 2002 3821 2217 3873; x_wconf 81' lang='lat' dir='ltr'>Kildale</span> <span class='ocrx_word' id='word_1_362' title='bbox 2241 3823 2297 3873; x_wconf 76' lang='lat' dir='ltr'>of</span> <span class='ocrx_word' id='word_1_363' title='bbox 2331 3823 2427 3873; x_wconf 87' lang='lat' dir='ltr'>the</span> <span class='ocrx_word' id='word_1_364' title='bbox 2451 3829 2665 3889; x_wconf 76' lang='lat' dir='ltr'>present</span> 
     </span>
     <span class='ocr_line' id='line_1_34' title="bbox 390 3904 2663 3968; baseline -0.001 -7"><span class='ocrx_word' id='word_1_365' title='bbox 390 3910 524 3962; x_wconf 87' lang='lat' dir='ltr'>deed</span> <span class='ocrx_word' id='word_1_366' title='bbox 560 3908 671 3959; x_wconf 82' lang='lat' dir='ltr'>will</span> <span class='ocrx_word' id='word_1_367' title='bbox 707 3908 771 3958; x_wconf 91' lang='lat' dir='ltr'>be</span> <span class='ocrx_word' id='word_1_368' title='bbox 805 3907 891 3958; x_wconf 84' lang='lat' dir='ltr'>his</span> <span class='ocrx_word' id='word_1_369' title='bbox 927 3907 1120 3958; x_wconf 86' lang='lat' dir='ltr'>second</span> <span class='ocrx_word' id='word_1_370' title='bbox 1155 3923 1252 3957; x_wconf 82' lang='lat' dir='ltr'>son</span> <span class='ocrx_word' id='word_1_371' title='bbox 1285 3906 1523 3957; x_wconf 74' lang='lat' dir='ltr'>william</span> <span class='ocrx_word' id='word_1_372' title='bbox 1547 3906 1790 3968; x_wconf 84' lang='lat' dir='ltr'>(brother</span> <span class='ocrx_word' id='word_1_373' title='bbox 1812 3905 1868 3955; x_wconf 76' lang='lat' dir='ltr'>of</span> <span class='ocrx_word' id='word_1_374' title='bbox 1902 3904 2146 3968; x_wconf 88' lang='lat' dir='ltr'>Arnold),</span> <span class='ocrx_word' id='word_1_375' title='bbox 2172 3910 2230 3956; x_wconf 91' lang='lat' dir='ltr'>to</span> <span class='ocrx_word' id='word_1_376' title='bbox 2255 3905 2430 3956; x_wconf 83' lang='lat' dir='ltr'>whom</span> <span class='ocrx_word' id='word_1_377' title='bbox 2453 3906 2520 3957; x_wconf 85' lang='lat' dir='ltr'>he</span> <span class='ocrx_word' id='word_1_378' title='bbox 2555 3907 2663 3958; x_wconf 79' lang='lat' dir='ltr'>had</span> 
     </span>
     <span class='ocr_line' id='line_1_35' title="bbox 389 3987 2662 4060; baseline -0 -17"><span class='ocrx_word' id='word_1_379' title='bbox 389 3994 562 4060; x_wconf 84' lang='lat' dir='ltr'>given,</span> <span class='ocrx_word' id='word_1_380' title='bbox 588 3993 645 4042; x_wconf 89' lang='lat' dir='ltr'>in</span> <span class='ocrx_word' id='word_1_381' title='bbox 679 3991 774 4042; x_wconf 89' lang='lat' dir='ltr'>the</span> <span class='ocrx_word' id='word_1_382' title='bbox 809 4006 938 4055; x_wconf 75' lang='lat' dir='ltr'>year</span> <span class='ocrx_word' id='word_1_383' title='bbox 971 3989 1217 4055; x_wconf 81' lang='lat' dir='ltr'>previous</span> <span class='ocrx_word' id='word_1_384' title='bbox 1253 3993 1309 4040; x_wconf 92' lang='lat' dir='ltr'>to</span> <span class='ocrx_word' id='word_1_385' title='bbox 1345 3989 1437 4040; x_wconf 87' lang='lat' dir='ltr'>the</span> <span class='ocrx_word' id='word_1_386' title='bbox 1474 3988 1717 4054; x_wconf 85' lang='lat' dir='ltr'>Inquest,</span> <span class='ocrx_word' id='word_1_387' title='bbox 1742 3989 1826 4039; x_wconf 82' lang='lat' dir='ltr'>his</span> <span class='ocrx_word' id='word_1_388' title='bbox 1862 4004 2046 4039; x_wconf 76' lang='lat' dir='ltr'>manor</span> <span class='ocrx_word' id='word_1_389' title='bbox 2082 3987 2138 4037; x_wconf 76' lang='lat' dir='ltr'>of</span> <span class='ocrx_word' id='word_1_390' title='bbox 2175 3987 2404 4052; x_wconf 70' lang='lat' dir='ltr'>Kildale,</span> <span class='ocrx_word' id='word_1_391' title='bbox 2430 3989 2565 4041; x_wconf 80' lang='lat' dir='ltr'>with</span> <span class='ocrx_word' id='word_1_392' title='bbox 2589 3992 2662 4042; x_wconf 67' lang='lat' dir='ltr'>all</span> 
     </span>
     <span class='ocr_line' id='line_1_36' title="bbox 386 4071 2631 4144; baseline -0.001 -17"><span class='ocrx_word' id='word_1_393' title='bbox 386 4080 820 4144; x_wconf 77' lang='lat' dir='ltr'>appartenances,</span> <span class='ocrx_word' id='word_1_394' title='bbox 864 4073 997 4125; x_wconf 79' lang='lat' dir='ltr'>with</span> <span class='ocrx_word' id='word_1_395' title='bbox 1046 4072 1339 4125; x_wconf 70' lang='lat' dir='ltr'>remainder</span> <span class='ocrx_word' id='word_1_396' title='bbox 1385 4077 1445 4124; x_wconf 88' lang='lat' dir='ltr'>to</span> <span class='ocrx_word' id='word_1_397' title='bbox 1491 4072 1741 4124; x_wconf 84' lang='lat' dir='ltr'>Amold’s</span> <span class='ocrx_word' id='word_1_398' title='bbox 1788 4088 1885 4123; x_wconf 87' lang='lat' dir='ltr'>son</span> <span class='ocrx_word' id='word_1_399' title='bbox 1934 4071 2180 4123; x_wconf 79' lang='lat' dir='ltr'>william.</span> <span class='ocrx_word' id='word_1_400' title='bbox 2259 4072 2528 4138; x_wconf 75' lang='lat' dir='ltr'>Certainly</span> <span class='ocrx_word' id='word_1_401' title='bbox 2568 4074 2631 4125; x_wconf 90' lang='lat' dir='ltr'>th</span> 
     </span>
     <span class='ocr_line' id='line_1_37' title="bbox 388 4154 2662 4228; baseline -0.001 -17"><span class='ocrx_word' id='word_1_402' title='bbox 388 4164 609 4228; x_wconf 74' lang='lat' dir='ltr'>grantor</span> <span class='ocrx_word' id='word_1_403' title='bbox 643 4159 689 4209; x_wconf 85' lang='lat' dir='ltr'>is</span> <span class='ocrx_word' id='word_1_404' title='bbox 730 4158 909 4209; x_wconf 81' lang='lat' dir='ltr'>father</span> <span class='ocrx_word' id='word_1_405' title='bbox 956 4157 1012 4208; x_wconf 80' lang='lat' dir='ltr'>of</span> <span class='ocrx_word' id='word_1_406' title='bbox 1054 4157 1356 4208; x_wconf 79' lang='lat' dir='ltr'>Alexander</span> <span class='ocrx_word' id='word_1_407' title='bbox 1396 4156 1462 4207; x_wconf 91' lang='lat' dir='ltr'>de</span> <span class='ocrx_word' id='word_1_408' title='bbox 1512 4158 1696 4221; x_wconf 79' lang='lat' dir='ltr'>Per-cy,</span> <span class='ocrx_word' id='word_1_409' title='bbox 1735 4155 1911 4206; x_wconf 81' lang='lat' dir='ltr'>whose</span> <span class='ocrx_word' id='word_1_410' title='bbox 1952 4155 2175 4206; x_wconf 80' lang='lat' dir='ltr'>interest</span> <span class='ocrx_word' id='word_1_411' title='bbox 2215 4154 2269 4205; x_wconf 90' lang='lat' dir='ltr'>in</span> <span class='ocrx_word' id='word_1_412' title='bbox 2312 4156 2512 4207; x_wconf 86' lang='lat' dir='ltr'>Sneton</span> <span class='ocrx_word' id='word_1_413' title='bbox 2554 4158 2662 4208; x_wconf 80' lang='lat' dir='ltr'>and</span> 
     </span>
     <span class='ocr_line' id='line_1_38' title="bbox 389 4236 2659 4307; baseline -0.001 -13"><span class='ocrx_word' id='word_1_414' title='bbox 389 4246 635 4294; x_wconf 77' lang='lat' dir='ltr'>constant</span> <span class='ocrx_word' id='word_1_415' title='bbox 677 4256 923 4307; x_wconf 75' lang='lat' dir='ltr'>presence</span> <span class='ocrx_word' id='word_1_416' title='bbox 965 4240 1022 4290; x_wconf 89' lang='lat' dir='ltr'>in</span> <span class='ocrx_word' id='word_1_417' title='bbox 1067 4240 1161 4290; x_wconf 85' lang='lat' dir='ltr'>the</span> <span class='ocrx_word' id='word_1_418' title='bbox 1204 4239 1431 4305; x_wconf 80' lang='lat' dir='ltr'>vieinity</span> <span class='ocrx_word' id='word_1_419' title='bbox 1465 4238 1512 4289; x_wconf 83' lang='lat' dir='ltr'>is</span> <span class='ocrx_word' id='word_1_420' title='bbox 1550 4238 1787 4290; x_wconf 79' lang='lat' dir='ltr'>attested</span> <span class='ocrx_word' id='word_1_421' title='bbox 1823 4238 1880 4288; x_wconf 91' lang='lat' dir='ltr'>in</span> <span class='ocrx_word' id='word_1_422' title='bbox 1915 4254 1974 4290; x_wconf 87' lang='lat' dir='ltr'>so</span> <span class='ocrx_word' id='word_1_423' title='bbox 2007 4254 2167 4303; x_wconf 76' lang='lat' dir='ltr'>many</span> <span class='ocrx_word' id='word_1_424' title='bbox 2203 4237 2259 4288; x_wconf 78' lang='lat' dir='ltr'>of</span> <span class='ocrx_word' id='word_1_425' title='bbox 2292 4236 2386 4289; x_wconf 88' lang='lat' dir='ltr'>the</span> <span class='ocrx_word' id='word_1_426' title='bbox 2423 4238 2659 4292; x_wconf 79' lang='lat' dir='ltr'>charters</span> 
     </span>
     <span class='ocr_line' id='line_1_39' title="bbox 391 4321 2658 4389; baseline -0 -13"><span class='ocrx_word' id='word_1_427' title='bbox 391 4325 673 4377; x_wconf 73' lang='lat' dir='ltr'>contained</span> <span class='ocrx_word' id='word_1_428' title='bbox 705 4325 765 4374; x_wconf 89' lang='lat' dir='ltr'>in</span> <span class='ocrx_word' id='word_1_429' title='bbox 799 4324 895 4374; x_wconf 85' lang='lat' dir='ltr'>the</span> <span class='ocrx_word' id='word_1_430' title='bbox 931 4326 1146 4389; x_wconf 82' lang='lat' dir='ltr'>present</span> <span class='ocrx_word' id='word_1_431' title='bbox 1180 4321 1471 4373; x_wconf 78' lang='lat' dir='ltr'>collection.</span> <span class='ocrx_word' id='word_1_432' title='bbox 1547 4322 1625 4373; x_wconf 86' lang='lat' dir='ltr'>At</span> <span class='ocrx_word' id='word_1_433' title='bbox 1661 4326 1876 4388; x_wconf 78' lang='lat' dir='ltr'>present</span> <span class='ocrx_word' id='word_1_434' title='bbox 1897 4321 1993 4374; x_wconf 88' lang='lat' dir='ltr'>the</span> <span class='ocrx_word' id='word_1_435' title='bbox 2018 4321 2244 4373; x_wconf 76' lang='lat' dir='ltr'>channel</span> <span class='ocrx_word' id='word_1_436' title='bbox 2266 4321 2341 4386; x_wconf 88' lang='lat' dir='ltr'>by</span> <span class='ocrx_word' id='word_1_437' title='bbox 2365 4322 2541 4373; x_wconf 78' lang='lat' dir='ltr'>which</span> <span class='ocrx_word' id='word_1_438' title='bbox 2565 4324 2658 4375; x_wconf 89' lang='lat' dir='ltr'>the</span> 
     </span>
     <span class='ocr_line' id='line_1_40' title="bbox 388 4404 2661 4474; baseline -0 -15"><span class='ocrx_word' id='word_1_439' title='bbox 388 4409 586 4460; x_wconf 80' lang='lat' dir='ltr'>Sueten</span> <span class='ocrx_word' id='word_1_440' title='bbox 612 4423 797 4458; x_wconf 76' lang='lat' dir='ltr'>manor</span> <span class='ocrx_word' id='word_1_441' title='bbox 819 4406 919 4456; x_wconf 72' lang='lat' dir='ltr'>and</span> <span class='ocrx_word' id='word_1_442' title='bbox 948 4409 1363 4472; x_wconf 78' lang='lat' dir='ltr'>appurtenances</span> <span class='ocrx_word' id='word_1_443' title='bbox 1388 4404 1573 4470; x_wconf 77' lang='lat' dir='ltr'>passed</span> <span class='ocrx_word' id='word_1_444' title='bbox 1598 4405 1713 4456; x_wconf 88' lang='lat' dir='ltr'>into</span> <span class='ocrx_word' id='word_1_445' title='bbox 1736 4405 1830 4456; x_wconf 88' lang='lat' dir='ltr'>the</span> <span class='ocrx_word' id='word_1_446' title='bbox 1853 4404 2025 4456; x_wconf 77' lang='lat' dir='ltr'>hands</span> <span class='ocrx_word' id='word_1_447' title='bbox 2045 4405 2100 4455; x_wconf 85' lang='lat' dir='ltr'>of</span> <span class='ocrx_word' id='word_1_448' title='bbox 2121 4404 2216 4456; x_wconf 87' lang='lat' dir='ltr'>the</span> <span class='ocrx_word' id='word_1_449' title='bbox 2235 4404 2447 4456; x_wconf 76' lang='lat' dir='ltr'>Kildale</span> <span class='ocrx_word' id='word_1_450' title='bbox 2466 4406 2661 4474; x_wconf 85' lang='lat' dir='ltr'>Percys</span> 
     </span>
     <span class='ocr_line' id='line_1_41' title="bbox 389 4490 1138 4557; baseline -0.005 -14"><span class='ocrx_word' id='word_1_451' title='bbox 389 4508 559 4542; x_wconf 81' lang='lat' dir='ltr'>seems</span> <span class='ocrx_word' id='word_1_452' title='bbox 582 4490 879 4557; x_wconf 71' lang='lat' dir='ltr'>altogether</span> <span class='ocrx_word' id='word_1_453' title='bbox 904 4490 1138 4540; x_wconf 81' lang='lat' dir='ltr'>obscure.</span> 
     </span>
    </p>
   </div>
  </div>
 </body>
</html>
