3254 5140
647 549 769 608 746
1007 559 1557 613 CARTULARIUM
1593 560 2003 614 ABBATHIAE
2041 563 2138 615 DE
2172 563 2551 616 WHITEBY.

934 726 1269 788 Vnumne
1302 740 1490 788 Boscr

937 813 1342 885 PERQmffl'rA
1373 811 1604 876 CumAE
1632 723 1793 897 μαι
1820 771 2063 854 Supra}

1052 911 1318 976 Summa.
1347 910 1566 975 totalis
1598 911 1897 998 Receptae
1926 913 2170 978 xviiili.
2203 935 2293 977 xv
2312 935 2361 979 s.
2392 915 2459 978 vi
2480 914 2540 978 d.

995 1100 1298 1165 Summo.
1333 1099 1625 1164 Comum.
1659 1115 1747 1162 An
1778 1117 2116 1166 expensas
2146 1118 2603 1166 Nnc-ussarius.

737 1225 918 1290 Idem
957 1231 1299 1308 computus
1345 1224 1415 1287 in
1458 1223 1733 1307 stipend.
1782 1224 1987 1308 ipsius
2032 1231 2311 1309 eomput.
2346 1226 2608 1292 Collect.
2643 1225 2822 1291 redd.
2876 1237 2952 1291 et

648 1325 974 1388 firmarum
1005 1323 1087 1388 ib.
1121 1323 1205 1388 ad
1237 1322 1305 1386 xi
1324 1322 1387 1387 li.
1421 1322 1536 1386 xiii
1556 1343 1602 1387 s.
1638 1322 1795 1387 solv.
1828 1330 1948 1390 etc.
1988 1321 2090 1409 [ιιι
2118 1325 2360 1408 supra}

1581 1421 1850 1486 Summa
1879 1423 1928 1486 ii
1947 1443 1993 1487 e.

1080 1597 1442 1661 LIBERATIO
1474 1613 1555 1660 ΕΤ
1585 1612 2007 1663 EXONERATIO
2039 1614 2496 1663 DENABIORUM.

732 1733 819 1797 Et
847 1731 920 1796 in
950 1731 1166 1797 denar.
1197 1731 1525 1797 Leonardo
1556 1733 1865 1797 Bekwith
1895 1740 2014 1798 etc.
2047 1733 2252 1799 viiili.
2284 1734 2448 1799 xviii
2465 1755 2516 1799 e.
2547 1734 2644 1797 iiii
2662 1734 2721 1797 d.

731 1832 820 1896 Et
862 1851 1033 1896 oner.
1075 1831 1148 1895 in
1191 1838 1493 1914 compoto
1533 1832 1824 1915 ejusdem
1869 1833 2243 1916 Receptoris
2278 1838 2355 1897 ut
2383 1854 2497 1917 pro
2526 1840 2685 1898 tant.
2719 1832 2945 1898 denar.

643 1951 759 2016 per
809 1950 1019 2014 nuper
1067 1930 1392 1995 Abbatem
1437 1938 1505 1995 et
1550 1932 1749 1996 Conv,
1791 1932 1953 1996 dicti
1983 1953 2190 2016 nuper
2218 1933 2449 1996 Mon’ii
2478 1937 2630 1996 ante
2660 1932 2946 1996 dissolu-

645 2029 890 2094 tionem
935 2028 1088 2094 inde
1118 2050 1237 2094 rec.
1270 2028 1349 2094 de
1378 2028 1550 2094 redd.
1582 2034 1652 2094 et
1680 2029 1881 2094 firmis
1914 2030 2151 2095 debitis
2181 2031 2265 2095 ad
2295 2030 2436 2096 fest.
2470 2031 2529 2096 S.
2562 2030 2839 2094 Martini
2869 2032 2947 2095 in

648 2128 707 2193 h.
740 2129 911 2193 infra
941 2134 1200 2213 tempus
1230 2129 1529 2212 compoti,
1557 2129 1627 2192 ix
1647 2129 1712 2193 li.
1746 2151 1834 2194 xv
1852 2150 1901 2195 e.
1933 2131 1983 2194 ii
2002 2130 2062 2195 d.

1318 2228 1584 2293 Summa.
1613 2228 1778 2292 xviii
1796 2228 1863 2292 li.
1896 2229 2083 2294 xiiis,
2116 2230 2184 2292 vi
2203 2230 2263 2295 d.

736 2328 1004 2393 Summa
1031 2328 1101 2391 in
1141 2327 1347 2392 Alloc.
1380 2333 1448 2393 et
1480 2328 1751 2393 Liberat.
1799 2329 1961 2392 xviii
1980 2329 2047 2393 li.
2093 2350 2184 2394 xv
2203 2350 2249 2394 s,
2298 2330 2366 2392 vi
2384 2329 2443 2394 d.
2490 2350 2635 2414 quae
2678 2350 2942 2395 summa

650 2427 1014 2512 coaequalia,
1044 2434 1162 2492 ete.

1129 2615 1511 2680 anmtm
1542 2632 1630 2679 nn
1663 2615 1951 2679 HAKNES
1983 2632 2122 2681 cun
2153 2632 2469 2681 unumne.

975 2738 1335 2803 comoros
1365 2738 1723 2803 Wufflmn
1754 2739 2048 2817 Duum„
2078 2745 2196 2804 etc.
2232 2740 2333 2824 [ut
2359 2741 2599 2824 supra}

975 2837 1386 2914 ARRERAGIA,
1415 2842 1532 2902 ete.
1567 2838 1667 2922 [ut
1695 2838 1934 2922 supra}
2004 2839 2272 2903 Summa
2301 2839 2564 2904 nulline.

761 2986 1145 3050 MANERIUM
1177 3002 1264 3050 ΒΕ
1297 2986 1625 3051 ΗΑΚΝΕ88
1659 3003 1801 3052 UNA
1831 3004 1969 3052 CUM
2002 3003 2192 3051 REDD.
2227 3004 2308 3052 m·
2340 3004 2563 3052 mes
2594 3004 2845 3052 numm.

740 3136 866 3202 Sed
913 3136 1083 3201 redd.
1131 3157 1331 3220 comp.
1379 3136 1458 3201 de
1504 3137 1570 3200 vi
1588 3157 1635 3200 e.
1684 3135 1801 3199 viii
1821 3135 1879 3201 d.
1925 3136 2007 3201 de
2052 3136 2235 3200 firma
2279 3137 2499 3201 man'ii
2542 3138 2736 3221 praed.
2786 3161 2938 3202 eum

652 3244 811 3320 pert.
857 3236 1010 3301 ibid.
1055 3236 1212 3301 solv.
1259 3242 1328 3300 at
1371 3243 1550 3299 term.
1584 3235 1881 3299 Annunt.
1928 3236 1999 3302 B.
2040 3236 2131 3300 M.
2163 3236 2242 3302 V.
2289 3244 2357 3301 et
2401 3238 2463 3303 S.
2509 3237 2708 3301 Mich.
2739 3236 2936 3302 Areh.

654 3336 898 3420 aequaL,
942 3337 1035 3400 sie
1080 3336 1320 3401 dimise.
1365 3335 1545 3399 Will.
1593 3334 1912 3399 Lokwood
1957 3355 2071 3419 per
2114 3355 2341 3400 comm.
2372 3337 2508 3420 sig„
2542 3344 2619 3401 ut
2661 3336 2939 3401 dicitur:

655 3442 721 3498 et
761 3436 841 3500 de
871 3435 1059 3500 viiie.
1090 3436 1211 3499 viii
1229 3436 1285 3499 d.
1319 3435 1398 3499 de
1429 3455 1473 3499 r.
1506 3435 1724 3499 assisae
1765 3435 2162 3499 diversorum
2206 3435 2318 3501 lib.
2349 3442 2593 3502 tenent.
2620 3437 2704 3501 ib.
2737 3458 2855 3520 per
2881 3460 2943 3502 a.

651 3535 808 3600 solv.
854 3534 936 3599 ad
981 3542 1162 3600 term.
1209 3536 1270 3599 S.
1317 3535 1407 3598 M.
1454 3534 1525 3598 in
1568 3534 1630 3598 h.
1679 3541 1745 3600 et
1790 3535 1972 3599 Pent.
2018 3535 2526 3618 aequaL—videl.
2572 3535 2653 3600 de
2699 3535 2940 3601 Christ.

652 3634 1022 3718 Seggefelde
1052 3655 1166 3718 pro
1196 3634 1220 3697 i
1249 3642 1376 3698 ten.
1408 3654 1556 3698 eum
1586 3643 1746 3718 pert.
1779 3655 1914 3699 voe.
1947 3633 2255 3698 Fulfurth
2301 3634 2525 3699 House
2554 3635 2691 3699 iiis.
2722 3634 2822 3698 iiii
2842 3635 2941 3699 d.:

654 3742 722 3800 et
765 3735 845 3800 de
890 3735 1042 3800 Geo,
1092 3734 1452 3818 Langedale
1493 3755 1609 3818 pro
1653 3735 1835 3800 iten.
1881 3756 2032 3799 eum
2076 3734 2269 3799 certis
2313 3734 2508 3798 olaus.
2554 3734 2765 3798 eidem
2808 3734 2936 3816 adj.

655 3840 722 3898 et
752 3834 943 3898 certis
975 3834 1111 3898 t’ris
1141 3833 1212 3896 in
1244 3833 1488 3916 campis
1512 3833 1593 3897 ib.
1627 3833 1702 3896 iii
1725 3853 1773 3898 s,
1805 3833 1903 3896 iiii
1922 3834 2020 3897 d.:
2067 3841 2134 3898 et
2163 3833 2243 3898 de
2274 3832 2599 3897 Gardiano
2630 3832 2843 3897 Gildae
2873 3834 2936 3898 S.

656 3934 878 3998 Hildae
917 3954 1033 4017 pro
1074 3933 1098 3996 i
1133 3954 1286 3997 mes.
1334 3933 1471 3996 sive
1517 3937 1648 3998 ten.
1681 3953 1817 3998 voe.
1859 3932 1921 3997 le
1963 3932 2154 3997 Gilde
2200 3933 2425 3996 House
2469 3932 2721 3996 scituat.
2765 3932 2938 3996 infra

653 4034 880 4097 villam
924 4033 1289 4098 ib.—videl.
1314 4033 1506 4115 juxta
1550 4033 1880 4108 man’ium,
1924 4033 2057 4097 iis.:
2101 4040 2168 4096 et
2196 4032 2277 4097 de
2322 4032 2463 4095 lviii
2482 4052 2531 4096 e.
2563 4032 2643 4096 de
2670 4052 2719 4096 r.
2750 4032 2776 4096 i
2804 4040 2939 4097 ten.

652 4155 800 4198 cum
846 4134 1120 4198 diversis
1150 4133 1345 4197 clane.
1376 4132 1550 4215 prati
1579 4139 1646 4196 et
1675 4137 1952 4215 pasturae
1982 4131 2100 4196 eid.
2134 4132 2365 4215 pertin.
2399 4131 2527 4215 (liii
2545 4151 2593 4195 s,
2624 4131 2831 4213 iiiid.)
2863 4153 2940 4196 ac

650 4233 823 4299 redd.
877 4234 1276 4298 diversorum
1325 4236 1566 4297 tenent.
1620 4232 1850 4315 pertin.
1902 4232 2231 4296 communi
2288 4231 2489 4295 firmae
2540 4231 2624 4295 ib.
2675 4250 2814 4294 voe.
2875 4231 2939 4296 le

653 4334 853 4397 Ewen
897 4334 1142 4410 Ferme,
1172 4354 1246 4397 ae
1276 4333 1300 4396 i
1329 4337 1451 4396 cot.
1498 4332 1643 4414 (iis.
1687 4332 1786 4395 iiii
1805 4331 1896 4415 d.)
1928 4352 2060 4395 voc.
2107 4331 2279 4396 Joke
2324 4331 2564 4407 House,
2610 4351 2759 4394 cum
2802 4350 2938 4394 uno

653 4452 848 4515 parvo
894 4444 1032 4497 orto
1063 4455 1197 4498 voc.
1234 4431 1861 4517 Cockerelle-garthe
1905 4431 1988 4496 ib.
2021 4452 2133 4515 per
2162 4452 2216 4495 a.
2247 4430 2425 4506 solv.,
2455 4437 2521 4494 et
2565 4429 2658 4494 sio
2689 4428 2936 4493 dimise.

652 4532 697 4595 ,J
699 4531 798 4595 oh.
834 4533 1131 4617 Appleby
1163 4554 1276 4617 per
1304 4531 1739 4608 indenturam,
1769 4531 1938 4595 inter
1967 4531 2096 4595 alia
2122 4555 2134 4594 ε
2168 4536 2233 4594 et
2264 4530 2343 4594 de
2376 4530 2475 4593 iiii
2497 4529 2561 4593 li.
2580 4528 2645 4591 vi
2666 4549 2714 4593 e.
2734 4528 2853 4591 viii
2874 4528 2932 4591 d.
