3254 5140
773 618 1319 672 CARTULARIUM
1353 619 1762 673 ABBATHIAE
1796 621 1896 674 DE
1929 622 2304 676 WHITEBY.
2548 611 2673 671 665

398 798 597 861 penes
664 801 783 847 nos
847 783 1160 868 inspectis
1219 789 1285 849 et
1342 785 1690 870 diligenter
1746 787 2152 865 examinatis,
2210 808 2286 852 ac
2345 787 2427 852 de
2479 786 2678 870 juris-

397 878 753 960 peritorum
804 882 1076 948 consilio
1127 883 1314 947 nobis
1366 884 1791 949 assidentium
1819 885 1902 949 ad
1948 885 2216 969 plenum
2260 885 2568 950 discussis
2612 890 2681 949 et

398 976 666 1056 rimatis,
717 980 874 1065 quia
930 982 1301 1046 invenimus
1353 982 1559 1048 dictos
1618 984 1976 1068 Religiosos
2035 1005 2226 1069 super
2275 985 2677 1050 assecutione

399 1076 719 1143 dictarum
785 1080 1218 1160 ecclesiarum,
1279 1083 1691 1167 perceptione
1753 1084 2104 1162 fructuum,
2163 1083 2539 1149 reddituum
2612 1087 2680 1147 et

399 1184 832 1257 proventuum
877 1181 1243 1258 earundem,
1274 1201 1525 1246 necnon
1554 1182 1929 1266 portionum
1972 1189 2041 1248 et
2083 1183 2468 1267 pensionum
2511 1202 2676 1267 prae-

397 1275 736 1356 dictarum,
780 1280 1155 1363 caeterisque
1198 1281 1498 1345 omnibus
1528 1282 2000 1366 suprascriptis,
2044 1282 2436 1348 sufficienter
2475 1282 2680 1346 fuisse

398 1382 466 1439 et
511 1396 651 1442 esse
708 1379 1015 1456 munitos,
1062 1380 1236 1463 ipsos
1284 1380 1365 1444 ab
1413 1380 1721 1445 ulteriore
1770 1381 2181 1466 impetitione
2233 1381 2428 1447 officii
2470 1380 2679 1445 nostri

400 1477 613 1558 quoad
651 1479 984 1561 praemissa
1023 1479 1416 1544 dimittimus
1445 1501 1560 1565 per
1587 1481 1937 1548 decretum.
2028 1482 2113 1545 In
2161 1482 2262 1566 cuj
2270 1502 2347 1547 us
2391 1481 2487 1546 rei
2529 1484 2677 1546 test.

399 1576 513 1659 sig.
546 1582 839 1642 nostrum
881 1580 1311 1662 praesentibus
1344 1585 1443 1645 est
1485 1600 1862 1665 appensum.
1951 1583 2202 1646 Datum
2245 1581 2419 1665 apud
2463 1580 2678 1662 Thorp

391 1675 587 1758 juxta
637 1676 823 1742 Ebor.
869 1678 963 1742 v‘0
1014 1678 1120 1744 die
1172 1679 1425 1745 Mensis
1482 1681 1803 1759 Januarii,
1860 1681 2020 1748 AD.
2075 1681 2569 1761 M⁰ccc¹¹²⁰lxxvi⁰,
2613 1684 2682 1745 et

401 1782 636 1841 nostrae
667 1777 1185 1844 Consecrationis
1213 1776 1367 1846 ffiuq

1071 2029 1356 2095 Doxn.
1401 2029 1770 2114 (Arunden,
1798 2030 1842 2095 f.
1878 2030 2007 2113 58.)

488 2188 805 2255 Omnibus
837 2190 1082 2256 Christi
1125 2192 1423 2258 fidelibus
1453 2190 1575 2257 hoc
1618 2212 1800 2276 praes.
1846 2192 2158 2275 scriptum
2200 2190 2315 2256 vis.
2361 2188 2468 2254 vel
2514 2188 2682 2266 aud„

398 2286 647 2365 Petrus,
669 2289 913 2372 provid.
936 2290 1197 2367 Divina,
1217 2291 1439 2356 Abbas
1463 2290 1846 2354 Monasterii
1870 2289 2278 2372 deWhiteby,
2299 2294 2366 2353 et
2388 2287 2677 2372 ejusdem

396 2385 523 2450 loci
555 2386 949 2465 Conventus,
993 2389 1270 2454 salutem
1300 2389 1371 2453 in
1399 2390 1570 2454 D'no
1601 2389 2075 2474 sempiternam.
2165 2388 2231 2452 N
2235 2387 2497 2452 overitis
2541 2406 2677 2464 nos,

398 2485 691 2549 unanimi
721 2506 1036 2552 consensu
1080 2494 1147 2552 et
1185 2508 1470 2566 assensu,
1500 2488 1582 2551 ad
1625 2487 2009 2552 instantiam
2038 2485 2565 2552 excellentissimi
2604 2484 2678 2548 in

399 2584 657 2650 Christo
716 2586 1035 2670 Principis
1094 2595 1161 2652 et
1217 2588 1373 2652 D·ni
1431 2587 1637 2652 nostri
1695 2588 1831 2652 d’ni
1889 2587 2168 2665 Ricardi,
2220 2588 2302 2653 D.
2357 2586 2433 2651 G.
2484 2584 2677 2669 Regis

398 2684 654 2769 Angliae
698 2692 765 2749 et
793 2686 1079 2750 Franciae
1121 2687 1415 2765 illustris,
1444 2693 1511 2751 et
1538 2687 1696 2752 D’ni
1740 2688 2093 2765 Hiberniae,
2120 2687 2447 2752 occasione
2491 2705 2677 2749 novae

398 2784 738 2848 creationis
783 2789 1017 2849 nostrae
1060 2786 1132 2848 in
1175 2786 1500 2851 Abbatem
1544 2786 1836 2870 ejusdem
1881 2786 2282 2864 Monasterii,
2312 2785 2567 2850 dedisse
2610 2790 2675 2848 et

398 2884 789 2948 concessisse
832 2883 1069 2948 dilecto
1101 2885 1287 2949 nobis
1331 2886 1402 2948 in
1447 2885 1727 2963 Christo,
1771 2888 1816 2951 J
1819 2885 2060 2950 ohanni
2105 2886 2364 2962 Barker,
2410 2883 2679 2960 ClericO,

396 2982 722 3065 quandam
751 3002 1034 3046 annuam
1062 2984 1437 3067 pensionem
1469 3006 1512 3048 v
1534 3005 1897 3049 marcarum
1928 2985 2008 3049 de
2029 2983 2426 3048 Monasterio
2456 2987 2676 3046 nostro

396 3080 672 3165 singulis
716 3081 903 3145 annis
946 3082 1430 3166 percipiendam
1461 3082 1544 3146 ad
1574 3083 1736 3147 duos
1782 3084 1938 3147 anni
1968 3080 2554 3147 terminos-videl.
2592 3079 2675 3144 ad

398 3180 636 3245 festum
668 3179 729 3244 S.
757 3180 1026 3244 Martini
1049 3181 1119 3244 in
1141 3202 1327 3265 yeme
1352 3188 1417 3246 et
1440 3182 1884 3258 Pentecosten,
1901 3202 2017 3265 per
2036 3181 2313 3265 aequales
2335 3179 2678 3263 portiones,

399 3300 736 3363 quousque
778 3279 1126 3363 praedictus
1170 3282 1216 3346 J
1219 3280 1505 3345 ohannes
1548 3280 1631 3344 ad
1677 3279 1942 3364 aliquod
1984 3278 2371 3344 beneficium
2415 3275 2676 3341 ecclesi·

398 3378 673 3443 asticum
704 3387 1074 3462 competens
1104 3400 1221 3463 per
1263 3400 1380 3444 nos
1411 3379 1610 3444 fuerit
1653 3386 2022 3463 promotus3
2065 3378 2147 3443 ad
2178 3397 2375 3460 quam
2405 3374 2673 3458 quidem

397 3498 682 3542 annuam
702 3479 1078 3561 pensionem
1096 3499 1141 3541 v
1163 3499 1522 3543 marcarum
1545 3479 1708 3544 bene
1738 3484 1804 3543 et
1830 3478 2119 3555 fideliter,
2141 3482 2219 3540 ut
2238 3474 2675 3560 praemittitur,

399 3576 770 3641 solvendam
795 3576 1155 3661 obligamus
1178 3598 1295 3643 nos
1315 3584 1381 3643 et
1399 3598 1794 3643 successores
1816 3584 2088 3654 nostros,
2111 3596 2185 3640 ac
2203 3574 2674 3640 Monasterium

400 3680 692 3740 nostrum
720 3675 1122 3759 praedictum,
1149 3698 1401 3743 necnon
1444 3678 1664 3742 omnia
1704 3677 1874 3741 bona
1903 3682 1969 3742 et
1997 3676 2234 3741 catalla
2262 3680 2484 3740 nostra
2511 3695 2674 3758 prae-

399 3775 609 3839 sentia
631 3779 698 3839 et
715 3775 939 3840 futura
958 3796 1075 3860 per
1100 3783 1462 3860 praesentes.
1510 3777 1594 3840 In
1623 3796 1675 3841 c.
1706 3796 1753 3840 r.
1786 3781 1832 3840 t.
1863 3777 1977 3861 sig.
2009 3781 2301 3840 nostrum
2330 3793 2673 3839 commune

396 3873 823 3958 prsoeentibus
868 3881 969 3938 est
1002 3894 1376 3958 appensum.
1464 3877 1715 3940 Datum
1745 3877 1815 3939 in
1846 3876 2035 3940 domo
2066 3881 2284 3939 nostra
2316 3872 2676 3956 Capitulari

401 3973 783 4037 Monasterii
828 3973 1034 4037 nostri
1077 3973 1385 4058 praedicti,
1413 3975 1720 4040 vicesimo
1766 3974 1870 4039 die
1910 3974 2152 4039 mensis
2182 3972 2481 4038 Octobris
2509 3972 2677 4038 ΑΒ.

400 4078 483 4133 11⁰
483 4079 620 4135 ccc⁰
648 4071 1062 4155 nonogesimo
1092 4072 1299 4137 tertio.

485 4172 573 4235 Et
615 4172 1102 4237 memorandum
1146 4173 1318 4257 quod
1362 4173 1719 4238 consimilis
1763 4171 2068 4257 obligatio
2112 4172 2285 4236 facta
2311 4170 2441 4234 fuit
2485 4170 2676 4236 Petro

401 4270 725 4354 Pleyford,
775 4270 1042 4349 ClericO,
1089 4271 1167 4336 de
1219 4292 1436 4336 annua
1484 4274 1794 4357 pensione
1846 4272 2134 4355 quinque
2184 4290 2540 4334 marcarum
2599 4270 2679 4336 de

400 4369 645 4435 eisdem
691 4370 949 4435 Abbate
1007 4375 1074 4435 et
1126 4370 1468 4436 Conventu
1525 4372 1648 4436 sub
1697 4370 1910 4456 sigillo
1970 4369 2299 4435 communi
2356 4368 2677 4434 dictorum

400 4468 679 4532 Abbatis
726 4475 797 4533 et
844 4469 1237 4547 Conventus,
1287 4490 1437 4535 cum
1479 4470 1595 4534 illa
1640 4470 1861 4535 clausa
1905 4488 2240 4553 quousque
2280 4468 2362 4532 ad
2413 4468 2678 4553 aliquod

400 4566 787 4633 beneficium
832 4568 1117 4635 ecclesiae
1160 4575 1532 4654 competens
1574 4575 1712 4650 etc„
1743 4570 1824 4635 ad
1858 4569 2236 4634 mandatum
2278 4567 2434 4633 D’ni
2476 4569 2682 4634 nostri
