3254 5140
704 612 1249 664 CARTULARIUM
1287 613 1691 664 ABBATHIAE
1730 613 1827 663 DE
1863 613 2233 664 WHITEBY.
2498 600 2612 658 441

341 774 711 840 —TenencL
757 786 823 840 et
866 777 1009 841 hab.
1043 777 1189 841 dict.
1223 777 1467 841 Abbati
1513 785 1580 842 et
1609 777 1829 855 Conv„
1860 785 1927 842 et
1969 798 2091 842 eor.
2129 798 2318 853 suco„
2350 778 2418 839 in
2464 773 2619 851 t’ris,

342 870 654 949 aedificiis),
698 875 981 959 cotagiiS,
1026 876 1238 952 moris,
1289 876 1519 953 boscis,
1572 875 1784 959 planis
1833 883 1900 941 et
1943 877 2242 960 pasturis,
2286 896 2417 940 una
2469 894 2615 937 cum

340 969 600 1034 redditu
647 978 712 1036 et
755 972 938 1037 totali
984 973 1247 1038 servitio
1301 975 1473 1057 quod
1525 975 1607 1038 ad
1659 995 1761 1039 me
1809 975 2090 1058 pertinet
2139 973 2219 1037 de
2270 973 2405 1038 t’ris
2457 992 2618 1055 quas

342 1068 386 1131 J
391 1068 676 1134 ohannes
721 1072 801 1135 de
847 1073 1088 1156 Stoupe
1137 1074 1216 1137 de
1262 1095 1363 1138 me
1395 1073 1719 1156 quondam
1766 1074 1980 1138 tenuit
2023 1073 2092 1136 in
2126 1068 2616 1153 Prestethorpe,¹

341 1173 409 1231 et
453 1189 603 1232 cum
647 1191 814 1235 omn.
847 1171 1175 1236 estoveriis
1221 1179 1287 1236 et
1331 1173 1574 1237 aisiam.
1605 1173 1676 1236 in
1722 1173 1897 1237 dicta
1925 1172 2096 1237 valle
2140 1172 2220 1236 de
2256 1170 2505 1254 Filinge
2536 1170 2613 1232 ad

343 1287 449 1330 me
493 1276 671 1351 pert„
700 1271 839 1335 sine
876 1271 1012 1335 ullo
1057 1278 1274 1348 reten„
1305 1273 1376 1335 in
1418 1271 1481 1349 1.,
1510 1293 1594 1355 p.,
1640 1278 1706 1336 et
1750 1293 1923 1356 perp.
1972 1271 2387 1336 elemosinam
2408 1269 2616 1334 :—Ita

341 1367 515 1449 quod
560 1389 679 1433 nec
724 1390 855 1454 eg0‚
887 1391 1005 1435 nec
1051 1371 1198 1435 haer.
1244 1371 1393 1448 mei,
1429 1371 1692 1454 aliquod
1729 1372 1838 1455 jus
1871 1371 1975 1435 vel
2019 1371 2095 1435 cl.
2127 1370 2197 1434 in
2241 1369 2433 1452 praed.
2464 1368 2619 1443 t’riS‚

338 1471 596 1543 tenem„
625 1469 836 1545 moriS‚
865 1470 1091 1547 boscis,
1121 1471 1475 1547 estoveriis,
1506 1491 1618 1535 seu
1663 1471 1734 1534 in
1780 1471 2106 1554 aliquibus
2152 1469 2298 1533 aliis
2328 1469 2516 1532 rebus
2546 1467 2615 1530 in

340 1564 514 1629 valle
571 1566 652 1631 de
710 1568 763 1630 F
764 1568 963 1652 ilinge
1023 1570 1105 1634 ad
1166 1590 1269 1633 me
1328 1575 1506 1652 pert„
1555 1569 1635 1634 de
1694 1575 1921 1633 caetero
1969 1568 2155 1633 vend.
2208 1567 2311 1632 vel
2365 1567 2617 1650 exigere

340 1665 711 1746 poterimus,
799 1668 936 1752 Ego
980 1689 1147 1744 vero,
1194 1668 1543 1746 GalfriduS‚
1573 1675 1640 1732 et
1684 1669 1832 1732 haer.
1869 1669 2020 1754 mei·
2043 1666 2235 1751 praed.
2272 1667 2438 1742 t’ms,
2467 1686 2616 1730 cum

341 1763 631 1829 aedificiis
690 1774 756 1831 et
816 1768 1063 1832 caeteris
1123 1789 1289 1832 omn.
1352 1789 1455 1833 me
1514 1767 1620 1832 vel
1680 1768 1827 1833 haer.
1889 1788 2084 1843 meos,
2135 1773 2211 1831 ut
2263 1765 2453 1850 praed.
2502 1773 2617 1840 est,

337 1866 791 1948 quoquomodo
835 1868 1376 1952 contingentibu8‚
1416 1868 1609 1952 praed.
1655 1869 1819 1932 Abb.
1850 1873 1917 1931 et
1954 1868 2154 1933 Conv.
2187 1873 2253 1929 et
2296 1886 2417 1929 eor.
2449 1884 2615 1929 succ.

340 1972 565 2028 contra
609 1985 663 2029 ο.
696 1965 755 2030 h.
788 1987 953 2043 war„
983 1967 1130 2044 def„
1176 1974 1242 2031 et
1280 1967 1422 2050 adq.
1453 1967 1945 2051 imperpetuum.
2036 1965 2204 2029 Volo
2248 1964 2512 2047 insuper
2555 1970 2621 2026 et

342 2065 642 2142 concedo,
671 2072 807 2130 tam
851 2088 967 2150 pro
1012 2088 1115 2132 me
1158 2088 1354 2151 quam
1399 2087 1514 2150 pro
1560 2087 1727 2132 omn.
1775 2067 1923 2131 haer.
1970 2065 2153 2140 meis,
2189 2063 2360 2147 quod
2406 2063 2621 2126 omnia

343 2165 776 2229 instrumenta
805 2187 919 2230 seu
950 2172 1157 2244 cartae,
1187 2187 1226 2230 a
1261 2187 1648 2250 quocunque
1678 2165 1782 2229 vel
1818 2165 2310 2249 quibuscunque
2341 2162 2621 2236 obtenta,

343 2270 715 2329 tenemento
758 2267 948 2349 praed.
998 2267 1068 2329 in
1120 2266 1340 2349 aliqua
1392 2273 1590 2350 parte,
1641 2265 1748 2330 vel
1806 2266 1876 2329 in
1937 2271 2091 2341 toto,
2142 2262 2490 2346 tangentia,
2542 2262 2620 2325 de

345 2371 576 2428 caetero
628 2364 876 2429 viribus
930 2365 1382 2430 careant—Ita
1433 2365 1607 2449 quod
1662 2386 1779 2428 nec
1833 2364 2032 2428 michi
2084 2383 2202 2427 nec
2255 2358 2426 2443 (91b)
2474 2360 2621 2424 haer.

345 2463 507 2527 meis
552 2462 632 2527 de
676 2472 906 2529 caetero
936 2465 1154 2549 aliquo
1184 2464 1374 2529 modo
1404 2470 1710 2548 poterunt
1740 2465 2054 2549 prodesse,
2085 2483 2203 2527 nec
2234 2461 2424 2545 praed.
2453 2461 2620 2524 Abb.

346 2570 413 2627 et
459 2562 678 2642 ConV„
708 2562 814 2628 vel
859 2564 1055 2630 alicui
1101 2564 1214 2630 alii
1259 2573 1481 2629 contra
1510 2586 1601 2648 pr.
1637 2573 1879 2629 cartam
1921 2565 2158 2629 obesse.
2250 2561 2330 2625 In
2362 2562 2546 2646 cujus
2577 2583 2621 2625 r.

345 2668 491 2727 test.
540 2683 630 2745 pr.
687 2684 803 2729 scr.
850 2666 962 2748 sig.
1018 2685 1236 2729 meum
1288 2665 1573 2748 apposui.
1666 2664 1817 2729 Hiis
1869 2665 2160 2729 testibus
2250 2661 2495 2726 Thoma
2546 2662 2624 2726 de

348 2763 723 2827 Eberstona.
810 2763 1024 2828 Alano
1056 2765 1136 2829 de
1166 2763 1397 2828 Everle
1416 2784 1429 2824 τ
1451 2761 1478 2800 ²
1516 2771 1581 2828 et
1611 2763 1771 2828 aliis.

1276 2962 1703 3028 CCCCXCV.

438 3088 756 3151 Omnibus
802 3087 935 3152 hoc.
968 3107 1082 3152 scr.
1114 3089 1232 3152 vis.
1263 3088 1369 3152 vel
1414 3087 1576 3165 au‘d„
1608 3088 1654 3152 J
1658 3088 1940 3152 ohannes
1986 3089 2065 3153 de
2109 3087 2382 3165 Everle‚⁸
2411 3088 2522 3154 sal.
2553 3088 2624 3150 in

356 3188 534 3251 D’no.
645 3186 974 3250 Noveritis
1020 3208 1123 3252 me
1166 3186 1398 3265 remis,
1449 3194 1515 3251 et
1558 3187 1821 3252 omnino
1866 3188 1945 3252 de
1997 3209 2101 3253 me
2153 3194 2218 3252 et
2267 3188 2414 3252 haer.
2464 3188 2624 3251 meis

352 3324 590 3376 Swedish
637 3324 683 3375 is
732 3323 924 3386 intaka,
980 3324 1035 3375 in
1083 3324 1185 3376 Sw.
1232 3323 1455 3375 dialecto
1497 3326 1656 3389 intaq,
1697 3324 1876 3375 intaka
1889 3342 1912 3385 ;
1962 3325 2067 3375 and
2115 3324 2170 3375 in
2213 3324 2468 3376 standard
2516 3326 2618 3378 Sw,

351 3411 545 3470 intaqa,
572 3407 750 3458 which
785 3407 831 3458 is
865 3407 994 3458 thus
1019 3406 1450 3470 defined-oskift
1474 3408 1626 3459 mark
1649 3424 1757 3459 som
1783 3409 2038 3473 ἰπὴᾱρπω
2062 3410 2141 3459 till
2174 3410 2357 3473 odlz'nq,
2384 3425 2621 3461 common

353 3508 410 3541 or
433 3491 726 3542 undivided
750 3490 876 3542 land
899 3490 1076 3542 which
1101 3491 1147 3542 is
1171 3491 1416 3542 enclosed
1440 3491 1522 3542 for
1545 3491 1640 3543 the
1663 3507 1916 3558 purposes
1942 3492 1998 3542 of
2020 3492 2348 3545 cultivation.
2415 3493 2626 3544 Almoet

350 3575 657 3642 equivalent
682 3574 727 3626 is
754 3575 901 3626 A.-S.
927 3576 1122 3639 osnam,
1149 3576 1284 3626 from
1309 3575 1403 3627 the
1429 3575 1557 3626 verb
1582 3576 1829 3640 ofniman,
1856 3581 1915 3628 to
1939 3577 2067 3628 take
2094 3593 2178 3643 up,
2205 3593 2264 3627 or
2287 3581 2384 3627 out
2407 3577 2490 3627 of:
2531 3577 2623 3628 the

351 3659 471 3711 idea
493 3661 549 3710 in
585 3660 681 3711 the
718 3660 905 3711 Scand.
933 3659 1082 3710 word
1107 3660 1265 3726 being
1303 3664 1316 3688 ‘
1336 3664 1394 3711 to
1430 3661 1560 3711 take
1596 3659 1682 3710 in’
1719 3677 1779 3711 or
1814 3661 2037 3724 enclose,
2069 3660 2125 3711 in
2160 3660 2401 3712 addition
2436 3666 2495 3713 to
2529 3661 2622 3712 the

352 3743 569 3810 already
586 3743 880 3795 cultivated
903 3744 1030 3795 laud
1050 3763 1065 3806 3
1091 3744 1147 3794 in
1172 3744 1266 3794 the
1285 3744 1428 3796 A.-S.
1451 3745 1613 3806 word,
1640 3749 1700 3796 to
1720 3744 1848 3795 take
1867 3749 1977 3807 out,
1998 3762 2058 3796 or
2074 3744 2356 3795 withdraw
2374 3744 2512 3795 from
2528 3742 2623 3794 the

354 3845 490 3891 area,
516 3828 574 3878 of
596 3827 691 3878 the
716 3827 1084 3879 uncultivated
1106 3827 1251 3879 land.

424 3910 445 3944 ¹
481 3911 860 3977 Prestethorpe
899 3912 946 3962 is
988 3910 1133 3962 what
1176 3911 1222 3961 is
1264 3927 1386 3962 now
1427 3911 1482 3961 in
1522 3911 1616 3962 the
1657 3911 1804 3977 place
1840 3911 1987 3962 itself
2021 3911 2190 3962 called
2231 3910 2540 3977 “Thorpe,”
2566 3927 2626 3960 or

353 4001 387 4022 ‘⁴
405 3994 841 4062 Fylingthorpe,”
865 3994 1017 4061 lying
1039 3994 1204 4045 about
1227 3994 1648 4061 three-quartem
1683 3995 1739 4044 of
1774 4010 1806 4045 a
1830 3995 1954 4045 mile
1979 3999 2110 4046 west
2135 3994 2191 4045 of
2226 3994 2398 4045 Robin
2427 3994 2627 4045 Hood's

354 4079 483 4145 Bay,
510 4079 671 4130 while
702 4077 1037 4138 Midelwode,
1071 4077 1264 4128 named
1288 4077 1423 4129 with
1460 4078 1835 4143 Prostethorpe
1871 4077 1928 4127 in
1961 4077 2055 4128 the
2080 4076 2266 4129 earlier
2299 4082 2420 4143 part
2444 4078 2500 4129 οἱ
2534 4078 2627 4128 the

351 4161 503 4225 deed,
531 4163 580 4213 is
606 4161 771 4213 about
795 4160 908 4212 half
932 4177 964 4210 a
988 4160 1113 4211 mile
1137 4160 1357 4227 slightly
1381 4166 1495 4212 east
1520 4160 1576 4212 of
1600 4160 1760 4212 south
1784 4161 1839 4212 of
1862 4160 2084 4227 Thorpe.

424 4245 445 4278 ²
480 4247 595 4297 The
630 4261 811 4296 names
848 4244 904 4295 of
938 4243 1089 4295 these
1126 4244 1401 4295 witnesses
1436 4245 1670 4295 indicate
1707 4244 2127 4311 approximate-ly
2162 4243 2255 4294 the
2289 4243 2414 4295 date
2443 4245 2500 4295 of
2534 4245 2626 4296 the

351 4329 501 4380 deed.
577 4328 675 4381 See
701 4328 752 4379 N
755 4344 798 4379 ο.
828 4329 914 4389 22,
942 4327 1106 4378 dated
1135 4328 1289 4389 1270,
1318 4332 1377 4378 to
1403 4327 1579 4379 which
1603 4328 1744 4379 Alan
1768 4328 1834 4379 de
1858 4328 2085 4394 Everley
2108 4327 2154 4378 is
2178 4344 2210 4378 a
2231 4332 2403 4395 party.

422 4412 445 4446 ³
478 4413 608 4465 This
632 4412 680 4463 is
703 4412 897 4463 almost
918 4411 1013 4462 the
1038 4410 1165 4475 only
1189 4427 1497 4462 occurrence
1523 4413 1579 4462 of
1613 4412 1758 4463 John
1781 4413 1849 4463 de
1874 4412 2114 4477 Everley.
2175 4412 2288 4463 The
2313 4412 2438 4463 date
2457 4413 2513 4463 of
2534 4414 2628 4464 the

346 4499 559 4549 chartei·
582 4512 708 4562 may
731 4494 798 4546 be
832 4494 998 4546 about
1038 4495 1355 4557 1275-1285,
1384 4495 1491 4545 and
1525 4496 1593 4546 he
1616 4496 1797 4547 would
1820 4496 1945 4547 thus
1982 4496 2048 4546 be
2083 4512 2116 4546 a
2151 4498 2552 4563 contemporary
2575 4498 2631 4548 of

346 4582 486 4634 Alan
512 4583 580 4633 de
606 4580 850 4643 Eva-loy,
876 4579 982 4630 and
1007 4579 1256 4644 Geoffrey
1278 4579 1345 4630 de
1373 4579 1616 4644 Everley,
1647 4580 1751 4630 and
1776 4597 1844 4630 no
1868 4580 2038 4630 doubt
2062 4577 2279 4632 related.
