3254 5140
604 579 725 640 718
975 591 1518 644 CARTULARIUM
1554 590 1960 643 ABBATHIAE
1992 591 2092 642 DE
2126 591 2500 644 meEBY.

599 755 779 838 pl’ito
810 776 937 839 quo
969 777 1146 821 warr.
1175 756 1413 821 clamat
1441 756 1676 820 habere
1705 776 1969 838 parcum
2000 761 2066 820 et
2096 755 2204 820 lib.
2225 776 2403 820 wart.
2429 758 2623 839 juxta
2653 774 2872 818 mane-

595 854 765 917 rium
810 876 1000 919 suum
1031 855 1112 919 de
1140 855 1436 938 Asselby,
1467 863 1534 919 et
1563 855 1714 919 t'ras
1746 875 1892 919 suas
1939 855 2210 939 quietas,
2240 862 2379 931 etc„
2409 856 2548 920 sine
2591 852 2874 927 licentia,

595 961 712 1017 etc.
801 954 888 1018 Et
916 953 1095 1019 will.
1130 954 1328 1031 venit,
1357 959 1423 1018 et
1465 953 1677 1037 quoad
1716 974 1979 1037 parcum
2010 953 2171 1018 dicit
2199 954 2374 1038 quod
2403 954 2542 1038 ipse
2582 959 2649 1017 et
2692 957 2872 1016 ante-

597 1074 873 1119 cessores
902 1053 1003 1117 sui
1034 1074 1073 1117 a
1104 1054 1301 1137 Conq.
1324 1052 1581 1136 Angliae
1609 1052 1978 1117 habuerunt
2005 1073 2270 1135 parcum
2302 1058 2367 1117 et
2395 1073 2571 1117 warr.
2604 1052 2673 1115 in
2703 1071 2878 1114 man.

599 1172 714 1216 suo
759 1153 839 1218 de
885 1152 1218 1235 Haselby.¹
1305 1152 1394 1215 Et
1422 1152 1635 1235 quoad
1680 1156 1941 1227 sectam,
1971 1158 2108 1228 etc„
2139 1152 2299 1215 dicit
2326 1152 2500 1235 quod
2545 1151 2686 1234 ipse
2715 1150 2879 1214 facit

599 1258 838 1316 sectam
869 1252 950 1317 ad
980 1251 1172 1335 praed.
1197 1251 1375 1316 Com.
1405 1255 1551 1333 post
1579 1251 1620 1313 f.
1648 1270 1695 1314 s.
1721 1249 2065 1315 Michaelis
2096 1255 2164 1314 et
2193 1250 2274 1315 ad
2305 1251 2673 1334 proximum
2703 1269 2878 1332 wap-

599 1351 928 1435 entagium
974 1350 1053 1414 de
1083 1348 1460 1433 Langbergh
1489 1356 1639 1432 post
1666 1348 1839 1412 idem
1873 1349 2133 1426 festum,
2163 1355 2229 1413 et
2259 1349 2340 1414 ad
2372 1350 2657 1432 primum
2685 1347 2879 1412 trith-

597 1450 820 1533 ingum
849 1449 929 1512 de
958 1448 1472 1532 North-trithing
1499 1452 1649 1531 post
1675 1447 1849 1511 idem
1894 1448 2149 1512 festum.
2239 1448 2328 1512 Et
2355 1449 2516 1513 dicit
2545 1449 2717 1532 quod
2761 1448 2878 1511 dat

598 1549 677 1613 de
707 1549 835 1612 fine
878 1567 992 1631 pro
1020 1547 1274 1612 residuo
1305 1555 1496 1611 sectae
1524 1547 1608 1610 ad
1641 1547 2056 1624 Comitatum,
2086 1549 2419 1630 etc—(all
2461 1551 2538 1633 of
2573 1548 2774 1612 which
2818 1549 2879 1611 is

597 1668 800 1711 sworn
830 1653 889 1710 to
918 1647 994 1730 by
1022 1645 1222 1710 twclve
1236 1647 1471 1730 jurors,
1500 1646 1692 1708 wlwse
1721 1667 2071 1710 name-sare
2095 1647 2324 1729 yivm.)

1512 1843 1952 1909 DCXLVIII.

693 1983 749 2046 A
779 1990 993 2047 nostre
1037 1981 1337 2066 seignour
1370 1980 1433 2045 le
1465 1980 1589 2044 Roi
1617 1989 1686 2045 et
1728 2002 1767 2044 a
1810 2001 1929 2045 son
1965 1981 2253 2046 counseil
2289 1981 2505 2065 prient
2534 1980 2556 2043 i
2587 1979 2659 2064 ly
2685 1980 2872 2064 plest'

599 2103 699 2146 ses
728 2080 1143 2164 chapelleyns
1178 2080 1366 2145 Abbe
1396 2085 1462 2145 et
1494 2080 1747 2144 Couent
1776 2080 1856 2144 de
1886 2080 2200 2163 Whiteby
2229 2100 2355 2163 que
2386 2080 2464 2144 de
2496 2099 2567 2144 sa
2593 2099 2778 2165 grace
2808 2084 2876 2144 et

601 2201 838 2246 enoure
872 2179 952 2244 de
983 2179 1226 2243 charite
1254 2178 1449 2243 voille
1494 2198 1533 2241 a
1576 2178 1648 2263 ly
1678 2178 1855 2262 pleer
1898 2179 1978 2243 de
2023 2179 2400 2243 confirmera
2444 2199 2570 2242 eux
2613 2197 2730 2261 par
2774 2197 2876 2241 ses

599 2280 823 2344 lettres
853 2284 1150 2362 patentes
1179 2277 1274 2343 les
1299 2277 1584 2342 chartres
1607 2277 1688 2342 de
1711 2298 1810 2341 ses
1840 2276 2284 2361 progenitours
2315 2297 2354 2340 a
2376 2297 2503 2341 eux
2530 2281 2876 2361 graunteez

602 2385 669 2442 et
696 2377 791 2442 les
822 2397 1039 2461 queux
1068 2376 1130 2440 le
1174 2384 1305 2440 tres
1348 2375 1697 2440 honorable
1741 2375 1864 2440 Roi
1907 2396 2024 2440 son
2069 2375 2246 2459 piere
2291 2376 2587 2440 rehercea
2625 2380 2690 2439 et
2724 2394 2875 2439 con-

601 2478 784 2539 firma
811 2495 928 2559 par
956 2494 1027 2540 sa
1058 2474 1307 2539 chartre
1334 2474 1858 2559 graciousement.

1555 2660 1919 2724 DCXLIX.

602 2799 878 2877 (Letters
908 2798 1036 2862 and
1079 2799 1333 2881 Papers,
1363 2797 1416 2860 F
1418 2798 1636 2880 oreign
1681 2797 1811 2861 and
1853 2798 2204 2874 Domestic‚
2237 2798 2464 2881 Henry
2494 2813 2630 2861 vm.
2662 2798 2784 2862 vol.
2818 2820 2875 2862 v.

1224 2917 1282 2980 p.
1317 2902 1460 2962 425.
1549 2897 1672 2961 No.
1707 2899 2007 2973 907,A.1›.
2046 2897 2259 2979 1532.)

1455 3019 1740 3084 Wm‘rsr
1780 3019 2020 3082 ABBEY.

605 3144 886 3209 Articles
930 3144 1181 3228 against
1228 3143 1512 3229 Gregory
1562 3143 1846 3226 Conyers
1891 3142 1989 3205 for
2033 3141 2306 3225 Whitby
2359 3143 2611 3227 Abbey,
2658 3163 2879 3206 accus-

778 3245 893 3329 ing
920 3243 1059 3307 him
1089 3244 1162 3306 of
1185 3243 1561 3327 oppressing
1589 3263 1745 3326 poor
1774 3241 2053 3317 widows,
2082 3240 2467 3326 misleading
2497 3242 2609 3305 the
2645 3241 2881 3317 Abbot,

779 3344 907 3408 and
955 3343 1213 3408 various
1258 3342 1570 3426 intrigues
1617 3343 1689 3405 in
1736 3340 1850 3405 the
1896 3339 2291 3424 Monastmy,
2335 3340 2406 3404 in
2448 3340 2762 3404 violation
2814 3341 2888 3404 of

779 3447 927 3527 past
955 3448 1421 3526 engagements.

695 3569 741 3632 ii
786 3567 1063 3632 Articles
1098 3566 1170 3630 of
1192 3567 1342 3630 Dan
1373 3565 1613 3630 Robert
1644 3565 1954 3641 wodhus,
1985 3564 2169 3628 Prior
2197 3564 2269 3628 of
2293 3563 2585 3648 Whitby‚
2628 3538 2885 3649 against

680 3709 697 3739 ¹
734 3704 800 3755 In
835 3702 1139 3769 Domeaday
1173 3702 1473 3768 Aaulveaby
1508 3718 1729 3769 appears
1764 3702 1822 3753 in
1857 3702 1952 3753 the
1989 3702 2118 3753 Earl
2154 3702 2211 3753 of
2246 3699 2527 3753 Mortain’s
2561 3701 2648 3754 foe
2669 3702 2879 3753 e-“In

608 3786 927 3851 Asulveaby‚
955 3785 1025 3837 ad
1058 3784 1272 3853 geldam
1309 3785 1371 3836 iii
1405 3789 1678 3848 carucata,
1704 3789 1761 3836 et
1795 3784 1835 3835 ii
1869 3800 2069 3836 carneo
2105 3787 2329 3849 possunt
2365 3800 2496 3836 eoae.
2571 3783 2656 3835 Ibi
2691 3784 2885 3837 habuit

609 3870 811 3923 Uctred
835 3868 855 3920 i
878 3868 1203 3921 manerium=
1240 3867 1397 3919 Nunc
1430 3866 1596 3918 habet
1637 3867 1897 3919 Ricardua
1936 3865 2268 3931 (Surdevall')
2305 3866 2375 3918 de
2410 3866 2632 3919 Comite.
2706 3867 2792 3919 Ibi
2828 3869 2884 3919 vi

606 3971 739 4006 acra
754 3953 929 4021 pratiz
966 3952 1103 4004 silva
1121 3950 1328 4018 pastilis
1351 3951 1371 4002 i
1394 3950 1601 4019 leugam
1620 3950 1779 4019 longa
1796 3955 1852 4002 et
1871 3950 1890 4000 i
1907 3950 2035 4002 lata.
2096 3951 2293 4002 Totum
2312 3950 2606 4001 manerium
2629 3950 2650 4001 i
2672 3950 2884 4018 leugam

606 4044 663 4089 et
700 4036 885 4090 dimid.
925 4036 1141 4104 longum
1183 4038 1240 4085 et
1276 4034 1297 4084 i
1335 4034 1473 4101 leug.
1512 4034 1701 4085 latum.
1773 4034 1834 4085 Τ.
1875 4034 1937 4086 Β..
1984 4034 2045 4086 Ε.
2092 4049 2128 4084 x
2166 4033 2261 4085 sol.
2302 4038 2359 4085 et
2394 4033 2492 4084 viii
2525 4033 2644 4086 den.
2719 4033 2885 4086 Modo

611 4126 837 4172 wantum
860 4117 997 4171 eat.”
1068 4118 1226 4168 From
1250 4117 1344 4168 the
1369 4116 1496 4167 Earl
1519 4115 1574 4167 of
1595 4115 1878 4167 Mortain’a
1902 4116 1986 4167 see
2009 4116 2055 4167 it
2078 4115 2274 4178 would,
2299 4119 2359 4166 at
2382 4114 2520 4167 leant
2554 4116 2887 4182 apparently,

607 4221 729 4272 paea
751 4204 808 4255 in
831 4203 926 4254 the
948 4201 1093 4267 early
1112 4216 1265 4267 years
1288 4199 1344 4251 oi
1367 4198 1600 4265 Henry’a
1616 4198 1766 4266 reign
1787 4202 1846 4250 ιο
1864 4198 2068 4250 Robert
2089 4198 2158 4249 de
2183 4198 2333 4260 Brun,
2353 4198 2728 4263 ooncurrently
2749 4198 2889 4249 with

605 4286 699 4338 the
736 4285 891 4338 other
924 4284 1068 4351 large
1103 4281 1397 4334 additional
1433 4286 1634 4348 granta,
1663 4281 1921 4332 inclusive
1945 4281 2002 4332 of
2036 4279 2279 4342 Skelton‚
2310 4280 2442 4332 then
2478 4281 2634 4333 made
2669 4284 2728 4332 ιο
2762 4280 2890 4333 that

604 4369 785 4430 baron,
832 4367 940 4419 and
980 4366 1117 4418 from
1160 4366 1297 4417 Brun
1336 4364 1645 4431 eventually
1686 4368 1746 4417 ιο
1785 4364 2034 4432 Thweng.
2110 4364 2166 4415 It
2208 4363 2255 4415 ia
2295 4363 2448 4430 quite
2489 4362 2719 4430 poaaible
2764 4363 2892 4416 that

607 4453 845 4519 Rogerua
878 4450 947 4502 de
982 4449 1157 4510 Roael,
1207 4448 1397 4501 named
1442 4465 1503 4500 aa
1548 4464 1650 4500 one
1692 4447 1749 4499 of
1797 4447 2006 4498 Bobert
2040 4446 2110 4499 de
2145 4445 2298 4498 Brua’
2342 4450 2512 4498 “tren
2547 4444 2791 4498 milim”
2830 4445 2889 4497 in

607 4532 707 4583 No.
729 4533 812 4593 28,
843 4547 965 4596 may
989 4531 1126 4582 have
1148 4530 1282 4581 been
1306 4528 1680 4581 sub-infeuded
1706 4529 1830 4581 here
1854 4533 1912 4580 at
1935 4530 2058 4580 that
2086 4528 2233 4595 early
2259 4528 2455 4594 period.
