3254 5140
707 533 1253 587 CARTULARIUM
1289 534 1699 587 ABBATHIAE
1735 536 1832 586 DE
1861 535 2232 588 WHITEBY.
2473 524 2593 583 409

1067 724 1496 790 CCCCLVII.
1544 725 1872 791 Sum-om.

415 844 588 929 (57¹³)
623 848 809 912 Omn.
857 848 1101 914 Christi
1144 849 1441 914 fidelibus
1483 849 1601 915 has
1647 851 1773 914 litt.
1804 850 1921 915 vis.
1953 849 2073 914 vel.
2106 850 2249 914 aud.
2295 852 2340 915 J
2343 850 2600 914 ohanna

323 946 663 1024 Arundel,¹
694 949 830 1013 filia
860 950 1198 1033 Reginaldi
1230 950 1537 1027 Arundel,
1583 950 1876 1015 salutem.
1966 950 2032 1013 N
2034 970 2129 1014 ον.
2164 950 2338 1014 univ.
2385 956 2600 1013 vestra

323 1066 446 1122 me,
474 1047 542 1109 in
574 1048 895 1113 viduitate
940 1071 1099 1128 mea,
1129 1071 1242 1134 pro
1274 1050 1384 1115 sal.
1417 1070 1469 1113 a.
1503 1071 1678 1127 meae,
1709 1057 1774 1114 et
1817 1049 2177 1113 animarum
2223 1049 2424 1134 patris
2469 1051 2597 1112 mei

325 1145 667 1230 Reginaldi
710 1149 1023 1225 Arundel,
1061 1155 1126 1213 et
1168 1150 1395 1214 matris
1447 1170 1605 1213 meae
1653 1150 1943 1233 Agathae,
1988 1155 2055 1213 et
2096 1169 2212 1232 pro
2256 1149 2596 1212 animabus

322 1245 474 1310 haer.
504 1267 807 1325 meorum,
839 1248 998 1325 ded„
1028 1270 1200 1313 conc.
1233 1258 1299 1314 et
1328 1248 1448 1312 hac
1492 1269 1585 1332 pr.
1619 1269 1669 1312 c.
1703 1269 1847 1312 mea
1890 1248 2056 1313 conf.
2086 1248 2156 1310 in
2186 1266 2354 1331 pur.,·
2373 1247 2503 1324 lib„
2534 1254 2598 1311 et

322 1366 498 1429 perp.
531 1345 731 1423 elem,
767 1348 1093 1412 sexdecim
1137 1368 1312 1413 acras
1341 1349 1477 1412 t'rae
1520 1348 1591 1411 in
1636 1348 1903 1413 t’ritorio
1948 1347 2028 1412 de
2074 1346 2599 1424 Snetona—scil.,

320 1445 470 1508 illas
500 1467 643 1528 quae
685 1446 906 1530 jacent
946 1448 1430 1532 propinquiores
1475 1447 1607 1511 t’rae
1652 1447 1930 1511 Abbatis
1974 1447 2054 1511 de
2099 1446 2410 1530 Whiteby
2453 1467 2598 1530 quae

323 1543 689 1627 appellatur
718 1545 886 1629 Rig,²
908 1547 1050 1610 Deo
1081 1554 1147 1611 et
1173 1546 1344 1611 Eccl.
1370 1546 1429 1611 S.
1457 1546 1633 1610 Petri
1664 1553 1729 1610 et
1760 1546 1820 1611 S.
1845 1546 2063 1610 Hildae
2093 1546 2172 1609 de
2196 1546 2342 1609 Wh.
2369 1551 2434 1610 et
2463 1565 2596 1609 mo-

325 1643 549 1707 nachis
579 1644 663 1708 ib.
689 1646 829 1709 Deo
852 1666 1031 1723 serm,
1054 1666 1202 1709 cum
1226 1667 1394 1711 omn.
1418 1646 1815 1710 aisiamentis
1839 1645 2046 1710 eidem
2071 1648 2205 1709 t'rae
2228 1652 2410 1729 pert„
2430 1645 2600 1709 infra

325 1765 382 1807 v.
405 1743 485 1807 de
506 1744 788 1808 Snetona
805 1751 871 1809 et
889 1745 1166 1822 extra‚in
1183 1747 1375 1810 bosco
1394 1752 1461 1809 et
1478 1746 1548 1808 in
1564 1744 1780 1829 plan0,
1797 1745 1867 1808 in
1886 1746 2027 1822 viis,
2045 1747 2316 1828 pascuis,
2333 1744 2600 1821 semitis,

324 1850 393 1907 et
421 1844 721 1926 pasturis,
752 1850 818 1908 et
846 1846 1148 1909 omnibus
1191 1844 1337 1909 aliis
1382 1845 1624 1909 aisiam.
1658 1865 1854 1928 prope
1884 1851 1950 1909 et
1978 1844 2202 1927 procul
2233 1852 2299 1908 et
2341 1845 2599 1927 ubique.

325 1943 619 2007 Concedo
665 1944 862 2008 etiam
889 1949 964 2007 ut
993 1944 1183 2028 praed.
1216 1965 1357 2009 mea
1385 1945 1564 2009 elem.
1597 1944 1686 2009 sit
1714 1944 1871 2008 adeo
1915 1964 2077 2027 pura
2107 1950 2173 2008 et
2200 1944 2402 2008 libera
2433 1944 2601 2007 sicut

324 2042 545 2126 aliqua
565 2043 916 2107 elemosina
939 2052 1038 2108 est
1059 2043 1164 2109 vel
1186 2065 1322 2109 esse
1345 2049 1572 2128 potest.
1654 2045 1741 2107 Et
1765 2052 1841 2108 ut
1863 2044 1999 2108 haec
2018 2065 2161 2109 mea
2183 2044 2443 2108 donatio
2462 2052 2600 2107 rata

324 2141 415 2206 sit
458 2148 524 2206 et
567 2142 821 2207 stabilis
863 2163 956 2227 pr.
1007 2163 1127 2208 scr.
1167 2143 1282 2228 sig.
1330 2144 1459 2208 mei
1498 2143 1903 2227 appositione
1946 2143 2358 2207 corroboravi.
2451 2143 2600 2206 Hiis

322 2241 617 2305 oestlbus'
764 2328 1235 2395 ooccwm.
1283 2329 1611 2394 smom„
1703 2330 1810 2392 DE
1841 2330 2163 2395 cuma

416 2454 559 2538 (58)
605 2455 829 2519 Sciant
873 2476 1094 2520 omnes
1140 2456 1435 2520 videntes
1466 2461 1531 2521 et
1561 2456 1896 2520 audientes
1941 2454 2056 2519 has
2094 2454 2218 2520 litt.
2251 2454 2424 2538 quod
2467 2474 2600 2539 eg0,

328 2553 738 2632 Benedictus,
768 2554 989 2619 Abbas
1036 2554 1116 2619 de
1143 2554 1479 2640 Whiteby,
1508 2561 1694 2619 motu
1734 2554 2007 2639 propriO,
2037 2554 2403 2638 irrequisito
2449 2575 2599 2619 con-

324 2675 524 2719 sensu
569 2653 859 2737 Capituli
902 2652 1077 2732 mei,²3
1121 2655 1381 2719 institui
1412 2663 1723 2720 rectorem
1766 2655 1838 2718 in
1884 2655 2147 2739 Capella
2190 2654 2272 2718 de
2319 2655 2602 2719 Suetona

327 2774 499 2818 anno
550 2774 639 2838 gr.
687 2753 1032 2818 millesimo
1062 2756 1417 2818 centesimo
1462 2754 1947 2839 quadragesimo
1993 2762 2238 2831 octavo,
2279 2753 2406 2818 ista
2453 2775 2601 2818 con-

326 2852 651 2930 ventione,
698 2859 771 2916 ut
814 2852 1092 2936 quilibet
1136 2854 1371 2918 Rector
1420 2853 1714 2938 ejusdem
1742 2853 1857 2937 qui
1893 2875 2008 2938 pro
2053 2861 2247 2936 temp.
2293 2854 2489 2918 fuerit
2530 2854 2604 2916 in

328 2958 661 3036 posterum
702 2952 927 3016 reddet
972 2952 1277 3017 Ecclesiae
1310 2954 1372 3020 S.
1416 2953 1596 3018 Petri
1641 2952 1722 3016 de
1756 2953 2067 3036 Whiteby
2101 2953 2320 3017 decem
2364 2952 2602 3016 solidos

324 3053 905 3130 annuatim—scil„
949 3053 1239 3137 quinque
1285 3054 1397 3118 sol.
1430 3054 1512 3118 ad
1558 3054 1600 3117 f.
1638 3053 1696 3117 S.
1732 3053 2023 3129 Martini,
2061 3058 2126 3117 et
2156 3053 2443 3136 quinque
2488 3051 2601 3116 sol.

330 3153 413 3218 ad
459 3155 898 3218 Pentecosten.
1020 3153 1301 3237 Corpora
1353 3175 1503 3218 vero
1556 3154 2007 3218 defunctorum
2055 3154 2262 3218 eidem
2323 3152 2602 3236 Capellae

328 3254 796 3338 pertinentium
843 3254 913 3316 in
956 3254 1288 3318 Cimiterio
1338 3254 1409 3318 B.
1440 3253 1669 3317 Mariae
1713 3253 1792 3316 de
1837 3252 2152 3336 Whiteby
2192 3253 2602 3336 sepelientur.

332 3352 574 3417 Nullus
619 3374 768 3418 vero
813 3352 896 3417 ad
941 3353 1351 3418 Cimiterium
1381 3354 1453 3418 B.
1488 3353 1666 3417 Petri
1712 3353 2049 3429 deferetur,
2096 3372 2214 3416 nec
2258 3354 2604 3437 quicquam

330 3452 492 3516 illuc
543 3453 796 3518 ducent.
887 3453 1211 3517 Dominus
1257 3473 1408 3518 vero
1449 3452 1643 3530 villae,
1680 3457 1747 3516 et
1795 3451 2096 3530 Clericus,
2134 3452 2374 3536 absque
2427 3453 2604 3517 omni

330 3552 598 3616 licentia
671 3554 965 3617 Personae
1020 3552 1300 3635 Capellae
1352 3553 1684 3617 attributae
1735 3551 1808 3614 in
1862 3552 2194 3616 Cimiterio
2249 3552 2366 3636 [S.]
2427 3552 2605 3617 Petri

331 3652 694 3736 sepelietur,
726 3654 783 3718 si
811 3653 880 3716 in
912 3653 1050 3717 vita
1078 3672 1195 3716 sua
1224 3653 1485 3737 elegerit
1516 3652 1662 3736 [etc.,
1691 3673 1762 3714 as
1789 3652 1865 3715 in
1892 3652 2009 3717 No,
2048 3651 2214 3735 180].

1277 3825 1671 3891 CCCCLIX.

423 3939 742 4003 Omnibus
787 3938 846 4003 S.
879 3937 1112 4003 Matris
1155 3937 1323 4002 Eccl.
1370 3937 1522 4001 filiis
1568 3938 1649 4000 ad
1694 3957 1854 4021 quos
1898 3937 2019 4002 hoc
2062 3957 2178 4002 scr.
2224 3937 2604 4020 pervenerit,

329 4041 378 4105 J
382 4038 711 4116 ohannes,⁴
753 4038 882 4102 Dei
929 4059 1018 4122 gr.
1063 4037 1284 4101 Abbas
1327 4037 1498 4101 Eccl.
1545 4037 1624 4102 de
1668 4037 1982 4122 Whiteby
2026 4043 2092 4102 et
2136 4037 2422 4120 ejusdem
2476 4036 2602 4101 loci

406 4164 426 4197 ι

402 4248 425 4283 ²
461 4165 890 4313 {elogligoszill
914 4247 1136 4298 marked
1159 4247 1232 4313 by
1255 4246 1348 4298 the
1373 4264 1526 4299 name
1551 4247 1607 4298 of
1630 4247 1724 4299 the
1749 4247 1863 4298 mill
1888 4248 2055 4298 called
2082 4252 2113 4276 “
2132 4247 2269 4314 Rigg
2292 4246 2458 4299 Mill.’'

406 4331 429 4366 ³
465 4332 562 4383 See
585 4332 683 4383 No.
711 4333 824 4394 180,
847 4332 953 4383 and
978 4335 1102 4382 note
1126 4336 1184 4382 to
1208 4331 1265 4382 it.
1341 4331 1454 4382 The
1472 4331 1757 4383 document
1780 4332 1826 4382 is
1851 4348 1884 4382 a
1906 4348 2035 4396 very
2055 4331 2263 4383 curious
2286 4348 2400 4394 one,
2428 4333 2591 4383 what-

333 4433 460 4468 ever
484 4414 821 4480 explanation
845 4430 971 4478 may
995 4414 1063 4464 be
1087 4414 1243 4481 given
1267 4417 1326 4464 to
1349 4415 1406 4465 it.

407 4497 429 4531 ⁴
463 4498 737 4548 «Iohannes
761 4496 829 4548 do
854 4497 1117 4548 Evesham
1145 4499 1437 4561 (1214-22).
1510 4497 1608 4549 See
1634 4501 1759 4548 note
1790 4501 1812 4548 l
1841 4502 1899 4548 to
1923 4498 2021 4549 No,
2051 4500 2170 4549 225.
