3254 5140
794 614 1339 670 GARTULARIUM
1378 616 1781 671 ABBATHIAE
1818 618 1917 669 DE
1953 617 2324 671 WHITEBY.
2573 605 2698 665 637

419 784 675 858 ventus,
703 801 819 864 per
850 782 1080 846 fratres
1125 782 1437 862 Thomam
1469 783 1548 847 de
1583 783 1832 848 Garton
1861 789 1927 848 et
1956 783 2245 848 Alanum
2276 782 2357 847 de
2387 782 2702 864 Malteby,

419 878 709 961 ejusdem
761 880 995 944 Mon'ii
1069 880 1583 958 commonachos,
1632 888 2080 965 procuratores
2139 901 2289 947 suos
2348 881 2701 946 literatorie

418 977 830 1055 constitutos,
875 998 1090 1043 coram
1136 980 1323 1044 nobis
1369 980 1724 1057 willelmo,
1766 981 2191 1064 permissione
2233 979 2461 1043 divina
2508 979 2696 1044 Ebor.

419 1073 776 1158 Archiep’o,
808 1076 1067 1160 Angliae
1111 1077 1417 1159 Primate,
1463 1079 1906 1162 procuratorio
1952 1079 2212 1143 nomine
2242 1084 2702 1162 comparente&

419 1192 693 1255 quorum
721 1176 1306 1258 procuratoriorum
1352 1176 1849 1241 subscribuntur
1893 1184 2166 1254 tenores,
2195 1197 2263 1242 se
2308 1177 2701 1241 ordinationi

422 1276 658 1336 nostrae
701 1292 862 1355 pure
891 1278 957 1338 et
1000 1280 1231 1357 sponte
1277 1275 1737 1352 submiserunt,
1768 1275 1891 1340 sub
1934 1275 2064 1340 hiis
2108 1276 2333 1340 formis
2355 1276 2541 1339 :—In
2571 1275 2697 1339 Dei

423 1371 683 1435 nomine
725 1372 956 1436 Amen.
1049 1372 1283 1438 Coram
1326 1374 1532 1450 vobis,
1560 1374 1935 1439 Venerabili
1979 1376 2046 1438 in
2094 1375 2356 1440 Christo
2399 1379 2597 1458 patre,
2635 1380 2700 1438 et

422 1468 570 1533 d’no
614 1476 851 1549 nostr0,
887 1472 1056 1536 D'no
1101 1472 1436 1539 Willelmo
1481 1473 1563 1537 D.
1607 1475 1683 1538 G.
1718 1479 1856 1550 etc„
1885 1495 2022 1550 nos,
2052 1475 2281 1538 fratres
2310 1472 2588 1537 Thomas
2618 1471 2700 1536 de

426 1568 672 1633 Garton
701 1576 767 1635 et
797 1571 1046 1635 Alanus
1078 1571 1158 1636 de
1187 1571 1508 1656 Malteby,
1536 1573 1839 1637 monachi
1870 1572 1949 1638 de
1978 1574 2225 1638 Mon'io
2255 1573 2336 1638 de
2366 1572 2701 1656 Whiteby,

422 1673 862 1748 procuratores
894 1670 1257 1735 Reverendi
1286 1671 1410 1734 viri
1442 1670 1663 1736 fratris
1692 1672 1954 1736 Thomae
1984 1672 2064 1737 de
2108 1672 2384 1749 Malton,
2413 1672 2694 1737 Abbatis

423 1765 584 1831 dicti
637 1768 868 1832 Mon'ii
912 1770 994 1833 de
1037 1768 1367 1852 Whiteby,
1399 1770 1520 1834 sub
1566 1775 1743 1835 certa
1786 1771 2007 1849 forma,
2051 1777 2246 1855 prout
2288 1772 2355 1835 in
2403 1791 2700 1854 procura-

424 1865 587 1928 torio
618 1867 807 1931 nobis
836 1867 905 1929 in
936 1866 1058 1931 hac
1088 1875 1271 1950 parte
1315 1868 1486 1932 facto
1518 1874 1584 1933 et
1627 1888 1930 1933 concesso
1974 1870 2360 1944 continetur,
2390 1869 2703 1953 deputati,

423 1965 847 2046 personaliter
877 1967 1238 2043 constituti,
1269 1966 1352 2030 ad
1382 1966 1788 2032 debilitatem
1818 1969 2102 2052 corporis
2146 1968 2442 2052 praedicti
2485 1968 2702 2031 fratris

423 2062 700 2140 Thomas,
731 2064 1025 2142 Abbatis,
1053 2066 1371 2129 intuitum
1403 2065 1773 2150 dirigentes,
1803 2087 1877 2131 ac
1899 2067 2260 2131 utilitatem
2279 2067 2439 2132 dicti
2470 2067 2699 2131 Mon'ii

424 2169 799 2240 asserentes,
828 2163 1047 2248 ipsum
1079 2166 1343 2229 fratrem
1388 2165 1703 2229 Thomam
1730 2165 2055 2230 Abbatem
2100 2167 2171 2230 in
2215 2171 2460 2231 statum
2489 2186 2701 2241 suum,

424 2260 826 2344 dignitatem,
862 2270 930 2328 et
974 2263 1259 2328 officium
1291 2264 1568 2329 Abbatis
1614 2264 1805 2348 praed.
1849 2265 2097 2342 Mon’ii,
2126 2286 2200 2330 ac
2244 2270 2458 2329 totum
2493 2266 2604 2350 jus
2635 2273 2702 2329 et

425 2361 892 2443 possessionem
936 2364 1111 2446 quod
1155 2369 1222 2427 et
1267 2384 1413 2447 quae
1458 2364 1585 2428 sibi
1631 2364 1960 2454 competit,
2005 2370 2116 2429 aut
2164 2363 2700 2448 qualitercunque

427 2464 601 2524 etex
631 2481 1019 2546 quacunque
1064 2482 1259 2527 causa
1302 2463 1428 2527 sibi
1475 2464 1809 2547 competit,
1837 2465 2077 2548 poterit
2120 2464 2190 2527 in
2236 2463 2462 2540 officin,
2493 2463 2702 2547 digni-

425 2565 559 2625 tate
589 2564 656 2625 et
699 2565 876 2625 statu
919 2561 1201 2627 Abbatis
1247 2562 1408 2627 dicti
1453 2562 1856 2641 Monasterii‚
1900 2569 2015 2628 aut
2043 2561 2576 2648 qualitercunque
2620 2561 2703 2627 ad

426 2680 501 2723 ea
525 2680 639 2724 seu
669 2660 1006 2743 quodlibet
1029 2661 1398 2738 eorundem,
1422 2682 1568 2726 cum
1588 2664 1725 2728 suis
1749 2663 2243 2748 quibuscunque
2264 2663 2704 2747 pertinenciis,

426 2758 816 2823 ordinationi
846 2781 961 2825 seu
1008 2760 1283 2837 decret0,
1314 2761 1509 2825 laudo
1555 2769 1622 2827 et
1652 2763 1845 2840 dicte,
1877 2762 2396 2847 pronuntiationi
2441 2769 2511 2827 et
2539 2762 2707 2826 diffi-

428 2858 661 2922 nitioni
708 2860 960 2937 vestris,
991 2861 1158 2924 D’ne
1202 2860 1541 2945 Archiep'e
1588 2861 1910 2946 praedicte,
1940 2863 2407 2940 submittimuS,
2437 2862 2704 2946 promit-

427 2963 656 3035 tentes,
706 2958 923 3041 palam
977 2963 1043 3024 et
1102 2980 1419 3043 expresse,
1471 2961 1963 3038 ordinationem,
2012 2960 2364 3037 decretum,
2415 2960 2702 3036 laudum,

428 3057 695 3135 dictum,
724 3059 1326 3142 pronuntiationem
1378 3065 1447 3123 et
1497 3059 1952 3123 diffinitionem
2005 3065 2221 3124 vestra
2279 3060 2351 3122 in
2398 3065 2703 3124 eventum

429 3157 597 3221 velle
655 3158 1030 3242 emologare‚
1083 3158 1457 3243 approbare,
1507 3164 1574 3221 et
1617 3157 1862 3222 eisdem
1914 3159 2279 3222 consentire
2322 3159 2581 3242 penitus
2634 3159 2704 3221 in

430 3255 741 3333 futurum,
786 3277 860 3320 ac
914 3262 1145 3333 ratum,
1190 3263 1467 3341 gratum,
1526 3262 1594 3320 et
1653 3256 1912 3319 firmum
1973 3255 2223 3333 habere,
2274 3255 2575 3339 perficere
2640 3263 2709 3319 et

431 3355 799 3438 adimplere,
831 3357 1266 3438 procuratorio
1313 3355 1593 3432 nomine,
1622 3353 1933 3438 quicquid
1963 3374 2097 3431 vos,
2125 3354 2320 3417 Pater
2361 3353 2705 3418 reverende

429 3454 753 3538 praedicte,
796 3454 868 3517 in
913 3454 1262 3537 praemissis
1308 3453 1624 3517 duxeritis
1670 3452 2117 3528 ordinandum,
2159 3451 2560 3516 laudandum
2590 3472 2705 3516 seu

431 3553 916 3636 quomodolibet
945 3552 1436 3618 decernendum.
1531 3553 1613 3617 In
1644 3573 1694 3617 c.
1726 3572 1774 3617 r.
1805 3557 1851 3617 t.
1881 3552 2312 3635 praesentibus
2342 3552 2455 3635 sig.
2487 3557 2706 3617 nostra

431 3653 866 3736 apposuimus.
956 3653 1205 3716 Datum
1229 3651 1402 3734 apud
1420 3653 1637 3735 Thorp
1667 3671 1865 3735 prope
1894 3652 2100 3728 Ebor.,
2130 3652 2234 3716 die
2264 3651 2499 3716 Martis
2521 3670 2701 3735 proX.

428 3756 577 3834 post
621 3751 862 3815 festum
915 3749 1384 3815 Translationis
1439 3751 1509 3815 B.
1555 3752 1818 3815 Thomae
1862 3750 2193 3834 MartyriS,
2234 3751 2312 3816 A.
2358 3750 2439 3814 D.
2487 3758 2706 3814 M⁰ccc⁰

430 3850 737 3914 vicesimo
766 3850 1067 3915 secundo.

520 3947 709 4025 Item,
752 3946 824 4011 in
865 3948 994 4013 Dei
1038 3948 1319 4024 nomine,
1363 3949 1593 4012 Amen.
1688 3947 1917 4013 Coram
1964 3948 2166 4023 vobis,
2210 3946 2584 4011 Venerabili
2634 3946 2704 4009 in

434 4044 691 4110 Christo
735 4054 917 4131 patre
962 4054 1030 4111 et
1072 4047 1238 4122 d'n0,
1283 4047 1450 4111 D'no
1488 4046 1839 4123 willelmo,
1883 4047 1963 4110 D.
1997 4047 2073 4110 G.
2106 4051 2223 4109 etc.
2313 4046 2470 4122 Nos,
2513 4045 2709 4110 frater

431 4143 706 4208 Thomas
737 4146 817 4210 de
848 4147 1095 4210 Garton
1127 4151 1193 4211 et
1223 4146 1473 4211 Alanus
1504 4145 1586 4209 de
1631 4145 1949 4228 Malteby‚
1978 4144 2279 4208 monachi
2324 4145 2710 4208 Monasterii

432 4243 511 4307 de
556 4244 890 4329 Whiteby,
936 4246 1387 4310 Procuratores
1434 4245 1811 4309 Conventus
1856 4244 2240 4308 Monasterii
2285 4243 2365 4308 de
2394 4243 2709 4328 Whiteby

429 4342 740 4425 praedicti,
800 4343 1062 4410 Ordinis
1122 4345 1184 4409 S.
1247 4343 1599 4419 Benedicti,
1662 4343 1743 4407 ad
1816 4342 1990 4406 infra
2062 4342 2301 4426 scripta
2356 4343 2709 4408 literatorie

428 4440 743 4524 deputati,
801 4444 1229 4528 personaliter
1300 4442 1662 4518 constituti,
1735 4442 1959 4507 audito
2018 4448 2086 4506 et
2148 4441 2477 4507 intellecto
2535 4444 2708 4526 quod

428 4540 814 4607 venerabilis
860 4549 926 4607 et
958 4542 1323 4627 Religiosus
1354 4542 1471 4617 vir,
1502 4542 1700 4607 frater
1740 4543 2019 4607 Thomas
2066 4542 2144 4605 de
2190 4542 2457 4619 Malton,
2489 4541 2709 4606 Abbas
