3254 5140
572 580 698 638 542
951 591 1495 644 CARTULARIUM
1534 591 1944 642 ABBATHIAE
1980 591 2078 642 DE
2114 591 2487 643 WHITEBY.

566 755 766 837 possit
812 755 1121 839 generari,
1151 761 1250 819 set
1282 765 1354 819 ut
1384 757 1594 821 omnis
1627 756 2019 840 ambiguitas
2051 762 2117 820 et
2148 755 2580 820 controversia
2609 775 2753 837 quae
2782 754 2854 816 in

563 853 830 931 eisdem,
876 861 990 918 aut
1041 876 1261 919 earum
1306 856 1541 938 aliqua,
1593 855 1828 920 morari
1881 855 2103 939 possit,
2155 856 2427 920 tollatur
2476 855 2739 938 penitus
2782 860 2854 915 et

563 953 1040 1031 submoveatur,
1092 977 1174 1020 ex
1242 955 1660 1019 habundante
1719 955 1927 1037 gratia
1986 963 2206 1018 nostra
2262 954 2675 1018 concedimus
2733 973 2854 1035 per

563 1061 932 1135 praesenteS,
962 1076 1078 1138 pro
1113 1054 1315 1129 nobis,
1344 1054 1494 1118 haer.
1537 1062 1604 1118 et
1649 1075 1816 1118 succ.
1861 1054 2119 1130 nostris,
2163 1055 2338 1136 praef.
2385 1074 2561 1117 nunc
2604 1052 2849 1116 Abbati

563 1159 630 1216 et
654 1154 872 1229 Conv„
896 1160 963 1217 et
991 1174 1157 1217 succ.
1182 1154 1316 1217 suis
1347 1153 1557 1236 praed,
1580 1153 1799 1216 omnia
1829 1158 1896 1217 et
1923 1153 2196 1237 singula,
2218 1154 2565 1228 libertate&
2584 1151 2848 1227 franch„

561 1251 794 1334 privil„
862 1259 1167 1326 consuet,
1226 1251 1427 1328 alloc.,
1486 1252 1899 1335 quietantiaS,
1959 1257 2026 1316 et
2099 1252 2547 1315 immunitates
2605 1251 2847 1334 quibus

560 1350 759 1414 iidem
779 1351 1003 1414 Abbas
1028 1357 1093 1414 et
1118 1352 1335 1426 Conv„
1366 1356 1482 1414 aut
1509 1351 1878 1434 praedeceSS.
1911 1351 2032 1427 sui,
2062 1351 2300 1434 vigore,
2318 1350 2528 1414 colore
2551 1371 2663 1414 seu
2686 1371 2846 1432 prae-

559 1455 747 1512 textu
776 1470 1307 1533 quorumcunque
1344 1449 1741 1533 generalium
1772 1470 1887 1513 seu
1926 1451 2340 1513 obscurorum
2372 1449 2708 1513 verborum
2741 1449 2848 1512 vel

560 1548 979 1611 terminorum
1013 1549 1084 1610 in
1118 1570 1167 1612 c.
1200 1554 1268 1612 et
1296 1548 1422 1612 litt.
1470 1549 1682 1631 praed.,
1712 1548 1820 1613 vel
1865 1570 2087 1613 earum
2130 1548 2348 1632 aliqua
2377 1555 2847 1621 contentorum,

562 1652 715 1708 ante
760 1645 897 1708 haec
948 1651 1238 1729 tempora
1283 1648 1385 1710 usi
1430 1646 1536 1710 vel
1585 1647 1792 1730 gavisi
1845 1647 2127 1722 fuerunt,
2183 1647 2285 1710 vel
2335 1667 2556 1710 eorum
2607 1645 2847 1728 aliquis

561 1763 717 1806 usus
762 1742 866 1806 vel
908 1743 1171 1828 gavisus
1217 1744 1344 1808 fuit
1388 1765 1647 1828 quoquo
1693 1745 1903 1821 mod0,
1948 1752 2014 1809 et
2061 1745 2232 1828 quod
2278 1745 2477 1809 iidem
2521 1745 2739 1808 Abbas
2779 1753 2850 1807 et

562 1843 760 1907 ConV.
789 1849 859 1906 et
887 1863 1056 1908 succ.
1088 1843 1191 1906 sui
1232 1843 1524 1927 praedicti
1557 1843 1806 1909 eisdem
1837 1845 2137 1908 omnibus
2168 1850 2235 1908 et
2265 1844 2539 1928 singulis
2583 1844 2845 1907 liberta-

559 1943 754 2018 tibus,
805 1942 1199 2019 franchesiis‚
1250 1943 1431 2025 priv„
1483 1952 1787 2020 consuet.‚
1840 1943 2042 2018 alloc.,
2093 1943 2310 2027 quiet„
2356 1949 2419 2007 et
2466 1943 2844 2007 immunita-

559 2041 753 2118 tibus,
800 2042 1046 2124 absque
1091 2041 1311 2124 aliqua
1357 2041 1624 2125 speciali
1672 2042 2100 2106 declaratione
2149 2062 2265 2106 seu
2312 2041 2844 2125 interpretatione

558 2141 922 2216 earundem,
981 2140 1062 2204 de
1121 2147 1349 2205 caetero
1409 2138 1617 2222 plene,
1677 2141 1941 2224 integre,
2001 2147 2067 2204 et
2126 2141 2347 2224 quiete
2394 2140 2719 2224 gaudeant
2775 2148 2845 2204 et

559 2246 844 2315 utantur,
874 2247 940 2303 et
979 2239 1137 2303 adeo
1182 2240 1371 2322 plene
1416 2244 1482 2302 et
1520 2238 1769 2321 integre
1799 2259 1873 2303 ac
1905 2238 1960 2303 si
1992 2260 2109 2302 nos
2138 2260 2251 2303 seu
2282 2238 2518 2322 aliquis
2549 2240 2844 2323 progeni-

560 2344 772 2400 torum
813 2358 927 2401 seu
972 2339 1508 2420 praedecessorum
1555 2344 1920 2402 nostrorum
1965 2338 2315 2415 libertateS,
2358 2337 2619 2414 franch.,
2660 2338 2845 2421 priv„

561 2444 862 2512 consuet,
884 2436 1085 2513 ailoe„
1125 2437 1341 2520 quiet„
1375 2446 1443 2500 et
1487 2439 1660 2500 imm.
1709 2437 1825 2501 illa
1854 2437 2029 2520 praef.
2063 2457 2236 2501 nunc
2265 2436 2510 2500 Abbati
2543 2444 2609 2500 et
2640 2437 2843 2502 ConV.

560 2543 627 2601 et
669 2556 836 2600 succ.
887 2535 1022 2600 suis
1066 2536 1411 2620 praedictis,
1456 2536 1563 2601 vel
1609 2536 1806 2602 alicui
1850 2537 2113 2621 praedec.
2163 2557 2441 2613 suorum,
2488 2557 2605 2620 per
2644 2537 2844 2602 verba

558 2636 863 2719 specialia
914 2635 1470 2712 concessissemus,
1523 2635 1630 2699 vel
1681 2658 1757 2701 ea
1808 2636 2171 2720 specialiter
2220 2636 2627 2719 interpretati
2680 2636 2845 2700 fuis-

560 2754 817 2813 semus;
873 2754 1124 2797 necnon
1178 2734 1337 2797 adeo
1396 2733 1606 2818 plene,
1663 2736 1929 2819 integre,
1981 2741 2049 2799 et
2107 2736 2326 2819 quiete
2387 2741 2582 2817 prout
2639 2735 2842 2800 iidem

558 2832 779 2897 Abbas
810 2839 877 2897 et
908 2832 1106 2897 Conv,
1145 2839 1212 2896 et
1255 2834 1520 2915 praedec.
1568 2834 1674 2897 sui
1719 2835 1909 2918 praed.
1951 2833 2378 2910 libertatibus,
2409 2834 2670 2910 franch.,
2701 2843 2841 2911 etc„

557 2932 690 2995 illis
721 2938 787 2995 et
816 2951 1035 2995 eorum
1064 2931 1356 3015 quolibet
1386 2931 1488 2997 vel
1518 2932 1737 3016 aliquo
1767 2933 2116 2997 eorundem
2146 2932 2354 2997 colore
2383 2931 2490 2996 vel
2518 2941 2841 3015 praetextu

556 3031 953 3115 generalium
991 3051 1104 3094 seu
1136 3032 1551 3095 obscurorum
1582 3032 1926 3095 verborum
1955 3033 2061 3096 vel
2107 3032 2528 3096 terminorum
2573 3033 2842 3115 praedic-

558 3138 773 3194 torum
831 3130 1050 3214 aliquo
1109 3136 1397 3214 tempore
1459 3132 1781 3212 praeterito
1840 3130 1943 3194 usi
2002 3131 2269 3195 fuerunt
2327 3140 2395 3194 et
2449 3131 2675 3214 gavisi,
2731 3132 2842 3196 vel

557 3252 778 3294 eorum
809 3230 1042 3314 aliquis
1074 3250 1229 3294 usus
1261 3235 1359 3293 est
1389 3237 1455 3293 et
1484 3231 1762 3313 gavisus,
1799 3230 2041 3314 absque
2079 3230 2560 3314 impedimentO,
2590 3236 2840 3314 pertur-

555 3330 832 3407 batione,
853 3330 1301 3393 molestatione
1331 3329 1468 3392 sive
1499 3328 1905 3412 impetitione
1936 3330 2156 3406 nostri,
2180 3328 2506 3393 haeredum
2534 3329 2641 3393 vel
2671 3349 2838 3393 succ.

557 3437 938 3505 nostrorum,
980 3428 1025 3491 J
1032 3428 1233 3503 ustio„
1278 3428 1697 3491 Escaetorum
1741 3435 1858 3492 etc.
1893 3434 2255 3491 nostrorum
2288 3447 2837 3511 quorumcunque.

558 3528 644 3590 Et
695 3528 973 3609 insuper,
1021 3526 1103 3590 de
1160 3527 1366 3610 gratia
1418 3533 1638 3590 nostra
1690 3525 1972 3609 speciali,
2031 3533 2098 3590 et
2156 3547 2235 3591 ex
2297 3547 2469 3590 mero
2529 3533 2709 3590 motu
2772 3535 2841 3591 et

557 3626 829 3690 scientia
879 3631 1116 3701 nostra,
1169 3626 1603 3689 concessimus
1653 3646 1767 3709 pro
1814 3625 2017 3702 nobis,
2067 3625 2215 3689 haer.
2262 3632 2330 3690 et
2373 3646 2539 3690 succ.
2586 3626 2841 3707 nostrie,

557 3733 874 3807 quantum
919 3723 989 3786 in
1034 3723 1221 3786 nobis
1268 3729 1382 3799 est,
1413 3724 1659 3787 eisdem
1704 3744 1878 3787 nunc
1924 3723 2167 3787 Abbati
2212 3729 2278 3788 et
2323 3724 2521 3788 Conv.
2554 3730 2619 3787 et
2664 3744 2834 3787 succ.

557 3826 713 3900 suis„
771 3821 946 3906 quod
1005 3821 1133 3903 ipsi
1185 3826 1251 3885 et
1302 3841 1471 3885 succ.
1529 3821 1633 3885 sui
1683 3822 1950 3904 imperp.
2005 3821 2290 3885 habeant
2340 3842 2453 3904 per
2506 3822 2837 3885 Ballivum

557 3943 749 3987 suum
778 3921 885 3986 vel
911 3941 1027 4004 per
1072 3920 1355 3984 Ballivos
1400 3941 1549 3984 suos
1598 3927 1855 3984 retorna
1901 3921 2189 3983 omnium
2231 3921 2543 3997 brevium,
2573 3920 2837 3983 manda-

556 4028 789 4095 torum,
819 4027 1281 4101 praeceptorum
1311 4025 1377 4082 et
1406 4018 1709 4082 hillarum
1740 4023 2121 4093 nostrorum,
2140 4018 2468 4082 haeredum
2491 4025 2557 4083 et
2586 4039 2839 4083 succes·

557 4140 774 4185 sorum
819 4125 1197 4193 nostrorum,
1242 4138 1317 4181 ac
1347 4116 1841 4193 Vicecomitum,
1872 4117 2306 4193 Escaetorum,
2356 4116 2838 4193 Coronatorum,

557 4215 1083 4291 Admirallorum,
1116 4215 1476 4279 Custodum
1507 4214 1772 4292 March„
1804 4214 2222 4291 Ballivorum‚
2246 4221 2312 4277 et
2342 4214 2613 4278 aliorum
2645 4216 2841 4279 mini—

558 4323 834 4379 strorum
879 4334 1429 4396 quorumcunque,
1467 4314 1987 4397 exequendorum
2034 4312 2203 4377 infra
2233 4313 2337 4377 vel
2382 4334 2576 4397 super
2619 4316 2839 4379 omnia

559 4420 624 4478 et
683 4410 937 4494 singula
996 4411 1301 4486 dominia,
1360 4412 1528 4488 t’ras,
1590 4421 1844 4488 tenem,
1902 4418 1969 4475 et
2027 4411 2215 4475 feoda
2281 4411 2602 4476 dictorum
2662 4433 2839 4476 nunc

559 4510 835 4575 Abbatis
887 4514 952 4573 et
994 4509 1190 4573 Conv.
1247 4516 1313 4573 et
1364 4530 1531 4575 succ.
1585 4531 1866 4587 suorum,
1913 4517 2049 4575 tam
2100 4511 2183 4575 ad
2236 4518 2479 4575 sectam
2534 4518 2840 4587 nostram,
