3254 5140
645 593 769 650 550
1013 603 1552 656 CARTULARIUM
1591 602 1994 654 ABBATHIAE
2032 603 2129 654 DE
2164 604 2537 656 WHITEBY.

643 769 940 851 cunque.¹
1047 769 1134 832 Et
1177 771 1458 853 insuper,
1504 769 1583 832 de
1622 769 1901 833 uberiori
1945 769 2149 853 gratia
2200 774 2438 845 nostra,
2486 768 2920 833 concessimus

643 867 884 930 eisdem
914 867 1078 932 Abb.
1113 874 1178 932 et
1209 870 1407 934 Conv.
1432 875 1499 932 et
1517 888 1736 931 eorum
1757 889 1923 933 succ.
1942 868 2110 933 hanc
2127 868 2339 932 libert.
2364 875 2429 932 et
2449 867 2923 945 sranohesiam,2

639 966 810 1048 quod
872 968 952 1030 ab
1012 968 1178 1032 ostio
1239 967 1621 1032 Monasterii
1682 968 1873 1051 praed.
1929 969 2427 1053 circumquaque
2475 989 2591 1052 per
2634 969 2920 1052 spatium

641 1065 835 1129 unius
879 1065 1084 1150 leugae
1127 1067 1410 1131 habeant
1453 1066 1704 1130 firmam
1749 1087 1971 1150 pacem
2019 1074 2306 1131 nostram
2327 1069 2535 1131 z—lta
2572 1068 2745 1151 quod
2776 1067 2921 1150 qui-

642 1185 916 1248 cumque
947 1166 1078 1248 qui,
1108 1187 1222 1249 pro
1253 1166 1472 1249 aliqua
1504 1165 1761 1242 felonia,
1784 1166 2117 1250 utlagaria,
2141 1167 2661 1250 transgressione,
2682 1166 2921 1242 debito,

640 1271 955 1347 compotO,
1000 1263 1388 1340 detentione,
1434 1264 1573 1328 sive
1625 1264 1879 1340 delict0,
1927 1285 2041 1328 seu
2084 1285 2277 1330 causa
2315 1265 2421 1329 vel
2465 1266 2718 1330 actione
2764 1285 2921 1349 qua-

641 1379 913 1444 cunque,
944 1361 1117 1425 intra
1138 1362 1344 1445 ipsam
1370 1362 1625 1446 leugam
1646 1369 1996 1445 antequam
2019 1362 2682 1447 comprehenderetur,
2704 1357 2924 1446 posset

641 1460 878 1536 venire,
894 1460 1047 1524 vitae
1066 1461 1495 1537 securitatem,
1513 1463 1946 1525 membrorum
1969 1462 2527 1546 indempnitatem,
2551 1469 2618 1527 et
2639 1463 2924 1546 corporis

641 1558 744 1621 sui
795 1557 1176 1636 libertatem,
1224 1560 1533 1642 quamdiu
1586 1560 1757 1624 infra
1808 1560 2050 1625 dictam
2093 1561 2349 1644 leugam
2400 1582 2646 1625 moram
2698 1562 2924 1626 fecerit

641 1664 949 1741 perpetue
993 1658 1405 1741 permittatur
1449 1660 1699 1737 habere,
1740 1666 1803 1723 et
1848 1660 2123 1744 gaudere
2168 1661 2411 1744 absque
2457 1661 2922 1744 impedimento

641 1756 746 1819 vel
778 1756 1254 1840 perturbatione
1285 1759 1507 1835 nostri,
1527 1758 1589 1823 h.
1615 1765 1731 1823 aut
1753 1780 1800 1822 s.
1826 1780 1908 1835 n.‚
1933 1760 2167 1837 Vicec„
2192 1760 2355 1836 Esc.,
2381 1760 2539 1837 Cor„
2564 1760 2924 1836 Admirall.,

645 1856 822 1922 Cust.
868 1855 1133 1935 March„
1179 1861 1294 1921 aut
1337 1858 1611 1922 aliorum
1657 1858 1814 1923 offic.
1859 1865 1927 1923 et
1967 1859 2205 1923 minist.
2256 1865 2638 1935 nostrorum,
2683 1859 2742 1923 h.
2776 1866 2843 1924 et
2873 1880 2921 1923 s.

644 1976 704 2018 n.
753 1977 1301 2041 quorumcunque.
1393 1956 2018 2042 Considerantesque
2063 1959 2254 2042 quod,
2298 1979 2447 2023 cum
2498 1958 2695 2023 iidem
2750 1958 2920 2023 Abb.

642 2062 708 2120 et
769 2056 987 2133 Conv„
1046 2078 1084 2120 a
1142 2062 1428 2140 tempore
1487 2078 1615 2141 quo
1676 2078 1806 2121 non
1868 2064 2050 2122 extat
2106 2059 2431 2135 memoria,
2491 2060 2594 2122 usi
2657 2058 2925 2122 fuerunt

641 2155 874 2220 habere
918 2157 1242 2240 quoddam
1287 2162 1639 2221 mercatum
1672 2157 1961 2239 qualibet
1990 2158 2095 2222 die
2124 2155 2504 2221 Dominica⁸
2532 2178 2648 2241 per
2675 2179 2924 2221 annum

641 2256 814 2338 apud
865 2256 1160 2340 Whitby‚
1211 2277 1407 2340 quam
1458 2256 1720 2340 quidem
1772 2257 1944 2320 diem
1997 2277 2112 2320 nos
2165 2256 2560 2321 sanctificare
2613 2257 2927 2333 volentes,

641 2360 834 2437 prout
892 2355 1212 2432 convenit,
1274 2354 1351 2418 de
1409 2354 1694 2418 liberiori
1751 2355 1960 2439 gratia
2019 2360 2236 2419 nostra
2295 2356 2745 2433 concessimuS,
2803 2376 2922 2439 pro

644 2455 845 2531 nobis,
904 2454 964 2518 h.
1026 2462 1092 2519 et
1151 2475 1196 2519 s,
1258 2477 1342 2530 n.‚
1402 2456 1612 2520 eidem
1689 2455 1853 2519 Abb.
1916 2462 1981 2519 et
2057 2455 2255 2519 Conv.
2318 2461 2385 2518 et
2457 2476 2677 2519 eorum
2750 2475 2921 2519 succ.

642 2553 966 2637 quoddam
1029 2562 1382 2619 mercatum
1441 2554 1815 2620 habendum
1875 2560 1940 2620 et
1999 2554 2353 2619 tenendum
2411 2554 2583 2638 apud
2645 2554 2923 2639 Whitby

641 2654 832 2737 praed.
886 2653 1176 2737 qualibet
1227 2654 1333 2719 die
1386 2655 1687 2719 Sabbati⁴
1723 2676 1852 2738 vper
1908 2676 2152 2718 annum
2213 2655 2698 2739 imperp.—nisi
2754 2675 2924 2719 mer·

643 2759 857 2817 catum
919 2752 1087 2816 illud
1147 2754 1234 2817 sit
1278 2754 1360 2817 ad
1405 2762 1867 2818 nocumentum
1929 2754 2132 2819 vicini
2191 2755 2695 2818 mercati—cum
2747 2775 2917 2820 omn.

641 2851 966 2935 proficuiS,
1012 2851 1245 2929 libert„
1289 2854 1623 2930 custumis,
1669 2860 1736 2918 et
1783 2853 1892 2917 lib.
1939 2853 2517 2918 consuetudinibus
2565 2853 2648 2917 ad
2693 2853 2920 2938 hujus-

642 2951 819 3015 modi
870 2958 1225 3016 mercatum
1277 2959 1455 3035 pert„
1509 2959 1574 3017 et
1625 2958 1818 3037 prout
1875 2953 2254 3036 hujusmodi
2297 2957 2654 3016 mercatum
2698 2954 2768 3017 in
2816 2954 2922 3019 die

642 3050 872 3115 D’nica
900 3051 1153 3128 habere,
1178 3056 1395 3116 tenere
1426 3057 1491 3115 et
1521 3053 1846 3135 percipere
1878 3060 2353 3116 consueverunt
2377 3053 2586 3115 :-Ita
2617 3052 2808 3137 quod,
2838 3053 2920 3117 de

645 3158 893 3227 caeter0,
924 3151 1184 3215 nullum
1228 3171 1568 3215 commune
1599 3157 1959 3215 mercatum
1990 3151 2145 3215 ibid.
2179 3151 2247 3214 in
2280 3151 2384 3215 die
2429 3151 2660 3215 D'nica
2700 3158 2918 3217 tenea-

643 3255 767 3327 tur,
799 3250 928 3314 nisi
972 3255 1260 3334 tempore
1305 3250 1739 3334 autumpnali,
1783 3271 1856 3314 eo
1902 3251 2074 3335 quod
2120 3271 2239 3314 nec
2283 3252 2353 3314 in
2399 3251 2701 3335 praesenti
2744 3259 2919 3317 carta

643 3357 882 3426 nostra,
912 3370 1029 3414 nec
1060 3350 1129 3413 in
1160 3350 1657 3434 supplicatione,
1677 3350 2013 3434 petitione,
2041 3351 2178 3415 sive
2208 3351 2367 3414 billa
2396 3351 2583 3414 nobis
2613 3372 2729 3435 pro
2757 3374 2921 3437 prae-

643 3450 877 3525 missis,
936 3456 1051 3513 aut
1109 3449 1436 3533 aliquibus
1504 3470 1728 3513 eorum
1798 3449 2181 3513 concedend.
2245 3471 2323 3513 ex
2388 3456 2569 3533 parte
2630 3451 2918 3534 ipsorum

641 3549 919 3613 Abbatis
951 3555 1015 3612 et
1047 3549 1245 3613 Conv.
1277 3555 1586 3632 porrecta,
1632 3570 1933 3632 expressa
1963 3550 2209 3613 mentio
2240 3550 2318 3613 de
2348 3570 2500 3614 vero
2538 3551 2774 3629 valore,
2804 3562 2919 3617 aut

640 3668 791 3711 vero
823 3647 1038 3712 valore
1069 3669 1302 3725 annuo,
1333 3649 1615 3732 praedict.
1652 3649 2048 3725 libertatum,
2067 3649 2581 3725 franchisiarum‚
2611 3650 2921 3737 privileg„

643 3746 1169 3830 quietantiarum,
1245 3752 1548 3824 consuet„
1608 3748 1880 3825 allocat.,
1936 3748 2446 3825 immunitatum,
2522 3756 2589 3812 et
2660 3771 2919 3815 conces·

643 3847 920 3924 sionum,
950 3867 1028 3910 ac
1057 3845 1330 3910 aliorum
1362 3846 1792 3931 proficuorum
1825 3854 1891 3910 et
1913 3847 2371 3911 commodatur.
2403 3848 2646 3912 eisdem
2672 3849 2918 3916 Abbati

641 3952 707 4011 et
738 3946 936 4010 Conv.
967 3951 1034 4010 et
1066 3966 1235 4010 succ.
1259 3946 1410 4022 suis,
1434 3952 1509 4009 ut
1527 3947 1961 4029 praemittitur,
1980 3967 2425 4011 concessorum
2446 3954 2511 4011 et
2533 3956 2919 4041 proventur„

640 4045 1068 4129 proficuorum
1092 4047 1344 4122 exitur„
1369 4046 1954 4109 emolumentorum
1985 4052 2053 4110 et
2070 4046 2525 4111 commodatur.
2547 4049 2917 4126 eorundem,

640 4165 713 4208 ac
759 4144 838 4208 de
869 4145 1015 4209 aliis
1046 4146 1233 4209 donis
1274 4152 1342 4210 et
1385 4146 1914 4210 concessionibus
1946 4145 2099 4210 eisd.
2132 4146 2380 4211 Abbati
2413 4153 2479 4210 et
2525 4147 2747 4224 Conv.,
2774 4153 2913 4212 tam

716 4303 732 4336 ²
772 4305 885 4355 The
908 4322 1058 4357 sense
1081 4323 1303 4372 appears
1328 4312 1386 4358 to
1410 4307 1476 4357 be
1502 4307 1796 4373 imperfect,
1823 4306 2058 4373 through
2084 4323 2227 4358 some
2253 4307 2513 4367 omission,
2545 4308 2819 4374 probably.

707 4386 730 4419 ²
769 4389 1010 4440 Another
1038 4406 1168 4455 very
1193 4388 1486 4454 important
1511 4390 1768 4457 privilege
1793 4407 1854 4440 or
1876 4391 2157 4441 franchise.

712 4469 734 4502 ⁸
773 4472 813 4519 A
823 4471 944 4535 gain
970 4487 1002 4520 a
1027 4471 1366 4534 notewortby
1391 4472 1518 4523 fact.

711 4548 732 4582 ⁴
770 4552 852 4601 On
877 4551 1049 4601 which
1074 4552 1181 4616 day
1206 4552 1261 4601 of
1284 4552 1377 4602 the
1404 4554 1552 4603 week
1580 4555 1624 4605 it
1649 4555 1761 4605 still
1786 4557 2063 4606 continues
2088 4560 2145 4607 to
2170 4556 2234 4605 be
2261 4556 2398 4606 held.
