3254 5140
610 548 733 606 548
995 555 1539 610 CARTULARIUM
1576 557 1983 609 ABBATHIAE
2020 557 2119 609 DE
2149 557 2523 611 WHITEBY.

605 689 804 786 naudi
838 743 949 806 per
977 721 1456 787 commissiones
1487 743 1637 786 suas
1668 723 1738 786 in
1768 721 2011 786 eisdem
2035 722 2175 799 v.,1.
2197 730 2264 787 et
2286 724 2457 787 d'nio
2488 723 2569 788 de
2590 723 2887 806 Whitby,

605 841 679 884 ac
719 841 864 885 soca
905 829 971 885 et
1017 822 1291 885 Stranda
1333 821 1676 905 praedictis,
1708 822 1786 885 de
1832 828 2118 905 tempore
2163 822 2233 885 in
2277 827 2554 905 tempus,
2583 824 2887 906 quotiens

604 940 765 1004 opus
795 921 1079 984 viderint
1122 927 1190 984 et
1233 940 1509 996 necesse,
1548 920 1593 983 J
1597 920 1959 983 usticiarios
2000 941 2149 984 suos
2182 921 2403 985 Pacis¹
2448 921 2531 985 ad
2571 922 2786 986 omnia
2816 931 2887 985 et

602 1019 858 1101 singula
886 1019 957 1082 in
1001 1019 1190 1101 praed.
1222 1039 1302 1094 v„
1332 1018 1373 1083 l.
1406 1024 1472 1082 et
1516 1018 1689 1082 d’nio
1733 1018 1814 1082 de
1844 1018 2139 1101 Whitby,
2184 1039 2258 1082 ac
2303 1039 2452 1083 soca
2496 1025 2562 1084 et
2606 1019 2885 1085 Stranda

600 1118 944 1199 praedictis,
988 1117 1277 1193 faciend,
1328 1116 1649 1193 audiend.,
1694 1122 1760 1180 et
1804 1116 2288 1194 determinand.‚
2332 1139 2478 1200 quae
2523 1118 2604 1182 ad
2649 1120 2694 1183 J
2697 1119 2885 1184 ustic.

605 1216 790 1280 Pacis
824 1215 1056 1300 quovis
1102 1215 1290 1279 modo
1335 1215 1664 1298 pertinent
1709 1216 2059 1291 exercend„
2103 1216 2393 1291 faciend„
2446 1217 2765 1293 audiend„
2815 1227 2885 1281 et

601 1313 1007 1377 terminanda
1030 1313 1218 1377 z—Et
1247 1313 1419 1397 quod
1448 1312 1646 1377 iidem
1678 1314 1724 1377 J
1729 1314 1910 1377 ustie.
1944 1315 2038 1378 sic
2069 1315 2454 1399 assignandi,
2488 1318 2703 1399 vigore
2732 1336 2884 1380 con-

602 1412 960 1476 cessionum
993 1412 1458 1494 praedictarum,
1489 1410 1771 1475 habeant
1799 1411 2154 1494 plenariam
2172 1419 2560 1496 potestatem
2583 1415 2884 1491 faciendi,

602 1511 958 1586 exercendi,
1004 1518 1070 1573 et
1121 1509 1482 1592 exequendi
1527 1511 1746 1573 omnia
1790 1515 1856 1573 et
1900 1511 2060 1594 sing.
2114 1512 2267 1576 ibid.
2322 1532 2468 1595 quae
2512 1513 2594 1576 ad
2639 1514 2879 1577 Justic.

603 1610 788 1673 Pacis
839 1609 1165 1692 pertinent
1215 1608 1504 1684 faciend„
1551 1609 1905 1685 exercend„
1958 1617 2025 1674 et
2073 1612 2448 1693 exequenda
2470 1612 2659 1675 1—Et
2705 1612 2882 1696 quod

600 1707 821 1771 nullus
838 1709 883 1772 J
891 1708 1070 1771 ustio.
1090 1714 1323 1782 noster,
1342 1706 1403 1770 h.
1421 1707 1528 1770 vel
1547 1727 1593 1770 s.
1619 1728 1704 1784 n.,
1722 1707 1805 1771 ad
1825 1709 2056 1772 Pacem
2076 1708 2245 1772 infra
2265 1708 2439 1772 Com.
2460 1709 2647 1773 Ebor.
2669 1710 2885 1793 praed„

599 1827 677 1882 v.,
700 1805 759 1884 l.,
789 1815 855 1871 et
883 1807 1149 1883 d’nium,
1179 1805 1315 1869 sive
1346 1826 1559 1869 socam
1590 1815 1703 1870 aut
1730 1806 2072 1869 Strandam
2097 1806 2309 1889 praed„
2330 1807 2436 1871 vel
2459 1808 2744 1891 aliquam
2775 1810 2882 1872 vel

597 1906 862 1989 aliquod
891 1906 1239 1970 eorundem
1269 1905 1498 1987 quovis
1528 1905 1720 1969 modo
1750 1905 2161 1987 ingrediatur,
2193 1905 2273 1969 ad
2303 1905 2569 1990 aliquod
2598 1907 2884 1972 officium

599 2006 749 2070 ibid.
793 2005 1175 2081 faciendum,
1206 2024 1324 2068 nec
1355 2004 1434 2067 de
1478 2003 1809 2086 aliquibus
1851 2004 2143 2086 negotiiS‚
2187 2004 2395 2081 rebus,
2443 2005 2745 2082 materiiS,
2776 2006 2886 2070 vel

600 2105 809 2170 causis
833 2103 1302 2187 emergentibus
1334 2101 1502 2165 infra
1530 2101 1800 2165 eandem
1824 2121 1902 2176 V.,
1931 2101 1993 2178 l.,
2023 2102 2285 2178 d'nium,
2316 2122 2529 2166 socam
2561 2109 2626 2166 et
2657 2104 2883 2167 Stran-

600 2205 748 2268 dam
769 2204 1052 2288 aliquam
1070 2202 1500 2285 cognitionem
1517 2201 1623 2264 vel
1635 2199 2147 2284 jurisdictionem
2169 2200 2417 2276 habeat,
2437 2222 2556 2265 nec
2573 2202 2643 2265 in
2662 2203 2883 2286 aliquo

598 2325 667 2368 se
697 2304 849 2367 inde
877 2302 1270 2366 intromittat
1291 2301 1478 2364 :—Et
1508 2300 1682 2383 quod
1712 2298 1911 2362 iidem
1939 2298 2101 2362 Abb.
2136 2306 2203 2363 et
2233 2299 2452 2376 Conv„
2482 2307 2548 2364 et
2577 2321 2746 2367 succ.
2777 2303 2882 2366 sui

601 2404 863 2484 imperp.
895 2401 1178 2463 habeant
1206 2399 1421 2464 omnia
1452 2405 1517 2462 et
1545 2398 1802 2482 singula
1831 2398 2008 2473 fines,
2039 2398 2270 2475 exitus,
2294 2405 2359 2461 et
2382 2400 2882 2465 amerciamenta

599 2521 814 2564 coram
874 2499 1049 2582 praef.
1109 2499 1344 2562 Justic.
1406 2497 1592 2560 Pacis
1651 2497 1938 2581 ipsorum
1996 2495 2163 2560 Abb.
2225 2502 2291 2560 et
2340 2498 2539 2563 Conv.
2593 2505 2659 2562 et
2708 2520 2879 2564 succ.

600 2620 864 2664 suorum
892 2598 1204 2674 facienda,
1247 2597 1605 2673 assidenda,
1650 2595 1992 2671 afforenda,
2023 2597 2490 2675 forisfacienda,
2521 2605 2586 2662 et
2626 2600 2887 2683 adjudi-

599 2698 1011 2764 canda2—Et
1055 2696 1227 2779 quod
1271 2697 1433 2761 bene
1477 2696 1674 2760 liceat
1726 2696 1879 2760 eisd.
1935 2696 2103 2759 Abb.
2150 2703 2217 2760 et
2263 2697 2481 2774 Conv.,
2524 2705 2590 2761 et
2631 2719 2680 2763 s.
2725 2700 2885 2777 suis,

599 2797 818 2861 omnia
861 2795 1231 2878 hujusmodi
1275 2795 1453 2871 fineS,
1498 2795 1714 2859 exitus
1768 2800 1833 2858 et
1877 2796 2375 2860 amerciamenta
2423 2816 2541 2879 per
2590 2797 2882 2864 Ballivos

600 2916 749 2960 suos
794 2895 1089 2979 colligere
1133 2901 1201 2959 et
1242 2894 1474 2971 levare,
1510 2900 1576 2958 et
1621 2915 1690 2958 se
1735 2893 1805 2956 in
1850 2893 2156 2957 seisinam
2203 2901 2268 2959 et
2298 2896 2767 2978 possessionem
2797 2899 2882 2962 de

598 2995 839 3060 eisdem
885 3015 1136 3078 ponere,
1179 3001 1373 3078 prout
1426 2993 1734 3067 officiarii,
1780 2992 2007 3056 ballivi
2051 2994 2158 3058 vel
2216 2994 2499 3059 ministri
2548 2998 2773 3074 nostri,
2815 2997 2880 3062 h.

598 3093 706 3158 vel
747 3115 798 3158 s.
844 3114 926 3170 n.,
971 3114 1045 3157 ea
1088 3093 1159 3156 in
1202 3113 1431 3157 manus
1476 3096 1744 3167 nostraS,
1789 3091 1851 3155 h.
1898 3091 2005 3154 vel
2037 3112 2081 3155 s.
2117 3113 2199 3169 n.,
2229 3093 2446 3157 seisire
2476 3101 2743 3177 possent
2772 3097 2881 3160 vel

600 3193 920 3269 deberent,
964 3193 1046 3256 ad
1091 3212 1250 3275 opus
1296 3191 1517 3268 nostri,
1561 3191 1623 3255 h.
1662 3190 1769 3254 vel
1799 3210 1844 3255 s.
1878 3211 1960 3268 n.,
1990 3191 2046 3254 si
2076 3193 2250 3275 praef.
2280 3192 2450 3257 Abb.
2482 3199 2549 3257 et
2579 3193 2778 3259 Conv,
2810 3203 2881 3260 et

599 3313 765 3357 succ.
811 3294 946 3357 suis
992 3312 1290 3356 concessa
1332 3311 1464 3355 non
1510 3291 1788 3378 =fuissent
1809 3314 1900 3353 :—-
1912 3291 1998 3353 Et
2043 3291 2216 3373 quod
2260 3297 2575 3368 tenentes,
2612 3300 2681 3356 et
2720 3296 2873 3358 resi-

600 3394 825 3457 dentes
855 3413 929 3456 ac
960 3413 1090 3455 non
1119 3412 1234 3455 res.
1266 3392 1677 3475 quicumque,
1708 3390 1879 3453 infra
1907 3410 1987 3466 v.,
2018 3390 2057 3454 l.
2091 3398 2158 3454 et
2188 3390 2433 3454 d'nium
2473 3391 2554 3455 de
2588 3392 2882 3477 Whitby,

599 3513 674 3555 ac
703 3513 916 3555 socam
946 3496 1012 3555 et
1043 3490 1383 3554 Sti-andam
1412 3490 1624 3574 praed„
1647 3489 1728 3553 ad
1750 3490 2043 3553 veniend.
2079 3510 2196 3553 seu
2226 3491 2631 3573 comparend.
2664 3512 2878 3555 coram

598 3591 924 3673 aliquibus
970 3589 1114 3653 aliis
1142 3589 1373 3653 Justic.
1408 3588 1664 3664 nostris,
1706 3587 1768 3651 h.
1806 3588 1913 3652 vel
1958 3608 2004 3651 s,
2039 3608 2119 3664 n.,
2150 3587 2230 3652 de
2262 3589 2445 3665 Pace,
2474 3589 2656 3653 nullo
2685 3590 2879 3655 modo

600 3692 962 3764 onerentur,
1020 3693 1328 3765 artentur,
1394 3707 1514 3751 nec
1588 3685 2077 3769 compellantur,
2152 3707 2270 3750 nec
2344 3707 2564 3750 eorum
2640 3688 2879 3773 aliquis

597 3795 912 3865 oneretur,
956 3792 1200 3850 artetur
1241 3806 1359 3850 nec
1403 3785 1829 3869 compellatur
1873 3806 2131 3869 quoquo
2177 3785 2399 3850 modo:
2445 3792 2511 3850 et
2554 3788 2729 3870 quod
2759 3809 2880 3852 nec

596 3888 985 3962 Thesaurar„
1023 3907 1143 3950 nec
1187 3885 1467 3949 Barones
1507 3885 1588 3949 de
1631 3885 1957 3948 Scaccario
2005 3893 2246 3962 nostr0,
2290 3884 2350 3949 h.
2392 3884 2500 3950 vel
2540 3905 2588 3952 s.
2629 3907 2712 3964 n.,
2756 3907 2878 3952 nec

597 4008 816 4051 eorum
860 3986 1066 4069 aliqui
1107 3984 1216 4048 vel
1259 3983 1493 4068 aliquis
1539 3983 1619 4046 de
1664 3990 1892 4047 caetero
1938 3984 2183 4048 faciant
2227 3983 2334 4048 vel
2363 3984 2561 4049 faciat
2591 3985 2877 4069 aliquem

595 4106 962 4170 processum
1005 4104 1230 4148 versus
1273 4081 1649 4166 hujusmodi
1690 4082 1736 4145 J
1742 4082 1925 4146 ustic.
1973 4081 2160 4146 Pacis
2205 4103 2321 4166 per
2362 4084 2539 4166 praef.
2587 4083 2754 4149 Abb.
2810 4091 2880 4148 et

594 4196 901 4250 southward
925 4195 1033 4247 and
1055 4195 1337 4247 westward
1360 4199 1419 4246 at
1442 4211 1475 4245 a
1498 4193 1732 4245 medium
1756 4194 1999 4246 distance
2022 4194 2079 4245 of
2099 4211 2245 4245 more
2268 4195 2403 4245 than
2426 4200 2538 4247 two
2561 4196 2714 4248 miles
2737 4197 2878 4248 from

594 4282 690 4334 the
713 4296 816 4342 sea,
842 4296 901 4330 eo
936 4296 995 4330 aa
1029 4283 1086 4330 to
1119 4279 1324 4330 enclose
1358 4278 1454 4330 the
1481 4278 1573 4327 vill
1599 4277 1657 4327 of
1689 4276 1981 4329 Hackness.
2057 4277 2200 4328 Note
2232 4277 2343 4328 also
2374 4278 2432 4328 in
2463 4279 2558 4329 the
2590 4281 2879 4348 preceding

595 4364 701 4414 line
722 4362 818 4414 the
841 4361 987 4427 early
1010 4360 1333 4427 application
1356 4360 1411 4411 of
1433 4359 1528 4411 the
1553 4360 1745 4426 phrase
1771 4364 1803 4388 “
1819 4359 2043 4411 libertas
2059 4358 2088 4381 ‘’
2116 4376 2177 4410 or
2200 4359 2399 4426 liberty
2423 4360 2480 4411 of
2503 4361 2753 4428 Whitby.

668 4444 687 4478 ¹
723 4445 775 4495 A
800 4444 1137 4509 noteworthy
1162 4443 1268 4494 and
1301 4444 1591 4509 important
1634 4443 1937 4494 concession
1981 4459 2041 4493 οι·
2084 4442 2352 4510 privilege,
2396 4443 2744 4510 perhaps—if
2778 4449 2879 4496 not

593 4526 1145 4592 certainly—implied
1169 4525 1363 4586 before,
1389 4524 1488 4575 but
1518 4541 1638 4575 now
1662 4525 1932 4590 expressly
1957 4526 2196 4592 granted.
