3254 5140
519 580 639 638 656
880 588 1425 643 CARTULARIUM
1463 588 1869 641 ABBATHIAE
1907 588 2004 639 DE
2041 588 2417 641 WHITEBY.

511 766 879 850 frequentes
922 765 1289 830 invasiones
1334 765 1673 830 Scotorum
1716 764 2072 849 plurimum
2115 766 2250 829 sint
2292 766 2637 842 destructa,
2688 787 2823 849 per

514 866 686 948 quod
747 865 830 930 ad
890 864 1206 929 decimam
1266 865 1451 929 nobis
1512 884 1627 948 per
1686 864 1949 929 Clerum
2009 868 2235 928 vestrae
2293 865 2654 928 Provinciae
2724 866 2818 929 de

515 965 701 1029 bonis
744 965 879 1029 suis
924 963 1377 1029 ecclesiasticis
1415 964 1552 1047 jam
1597 983 1966 1028 concessam
2011 964 2196 1028 nobis
2233 964 2426 1046 juxta
2454 965 2818 1047 antiquam

514 1065 912 1129 taxationem
957 1063 1387 1147 praestandam
1432 1083 1563 1125 non
1603 1062 1950 1139 sufficiunt,
1995 1063 2167 1127 sicut
2210 1063 2466 1138 dicitur,
2512 1063 2815 1126 velimus

517 1162 825 1228 beneficia
854 1162 1024 1226 sicut
1052 1161 1382 1226 destructa
1403 1160 1483 1225 de
1513 1181 1681 1225 novo
1712 1162 1939 1238 taxari,
1961 1167 2029 1224 et
2050 1160 2365 1226 decimam
2387 1161 2582 1245 juxta
2611 1167 2814 1225 taxa-

509 1262 755 1326 tionem
778 1261 962 1325 illam
984 1260 1188 1325 levari
1212 1261 1416 1324 facere
1440 1259 1521 1323 ad
1545 1280 1708 1343 opus
1732 1267 2023 1323 nostrum
2046 1261 2306 1337 :—Nos,
2329 1261 2814 1344 supplicationi

513 1361 834 1444 praedictae
864 1360 936 1422 in
966 1359 1086 1423 hac
1117 1365 1297 1441 parte
1331 1358 1772 1422 favorabiliter
1801 1365 2179 1435 annuentes,
2202 1358 2386 1423 vobis
2409 1359 2810 1424 mandamus

516 1458 690 1541 quod
748 1458 996 1540 aliquos
1058 1457 1229 1520 viros
1289 1456 1646 1539 fidedignos
1704 1456 1787 1520 ad
1860 1456 2408 1539 supervidendum
2481 1457 2809 1522 beneficia

516 1555 821 1639 praedicta
851 1555 944 1619 sic
975 1554 1319 1630 destructa,
1351 1560 1417 1617 et
1447 1554 1530 1617 ad
1561 1554 1788 1618 eadem
1832 1555 2144 1618 beneficia
2171 1575 2316 1637 quae
2346 1555 2428 1619 ab
2458 1558 2806 1622 occasione

517 1654 848 1738 praemissa
919 1658 1142 1717 taxata
1216 1672 1348 1715 non
1421 1651 1685 1729 fuerint,
1773 1652 2134 1716 secundum
2207 1673 2434 1716 verum
2506 1654 2803 1719 valorem

516 1752 865 1819 eorundem
896 1752 975 1816 de
1007 1771 1208 1815 novos
1237 1750 1522 1814 taxanda
1551 1752 1932 1835 assignetis:
1992 1753 2086 1815 ita
2130 1752 2305 1834 quod
2348 1751 2600 1816 decima
2639 1754 2800 1818 inde

510 1853 702 1934 juxta
758 1849 1027 1915 eandem
1088 1849 1489 1913 taxationem
1547 1848 1750 1913 levari
1823 1849 2027 1933 possit
2100 1850 2182 1913 ad
2254 1870 2416 1933 opus
2483 1856 2797 1928 nostrum,

517 1958 584 2015 et
614 1950 786 2014 facta
813 1949 1140 2012 taxatione
1169 1947 1493 2031 praedicta,
1537 1948 1990 2012 Thesaurarios
2020 1955 2085 2012 et
2119 1949 2400 2013 Barones
2432 1955 2682 2014 nostros
2712 1951 2796 2015 de

518 2050 846 2114 Scaccario
891 2048 1042 2111 inde
1084 2046 1371 2111 reddatis
1417 2046 1539 2110 sub
1587 2047 1803 2129 sigillo
1850 2054 2065 2111 vestro
2111 2047 2416 2112 distincte
2461 2055 2528 2112 et
2573 2056 2796 2132 aperte

518 2149 831 2213 certiores.
951 2147 1138 2211 Teste
1210 2146 1469 2228 meipso.
1574 2145 1773 2228 Apud
1849 2145 2346 2229 Northampton,
2420 2147 2628 2210 xxvi⁶⁰
2686 2149 2793 2212 die

518 2247 779 2331 Aprilis,
807 2247 898 2310 Αο
928 2245 1106 2329 regni
1136 2244 1341 2308 nostri
1370 2244 1461 2307 ii0.

605 2346 918 2422 Quocirca
963 2364 1079 2406 nos
1139 2342 1455 2426 quosdam
1507 2341 1680 2405 viros
1740 2341 2112 2426 fidedignoS,
2166 2342 2355 2406 videl.
2431 2344 2790 2408 Dominum

522 2444 870 2507 Ricardum
945 2442 1024 2505 de
1099 2441 1510 2524 Grymeston,
1586 2440 1924 2504 Rectorem
1997 2440 2146 2505 eccl.
2224 2442 2302 2506 (16
2377 2442 2791 2528 Siterington,

518 2543 756 2606 M'rum
810 2539 1227 2624 Radulphum
1281 2538 1362 2604 de
1410 2538 1747 2616 Yarewell,
1802 2539 2138 2604 Rectorem
2192 2540 2340 2606 eccl.
2395 2542 2476 2607 (16
2535 2543 2790 2619 Cotum,

514 2646 749 2705 nostrae
796 2640 1137 2715 dioceseos,
1186 2638 1425 2702 M'rum
1455 2637 1862 2702 Willelmum
1907 2638 1988 2703 (16
2033 2640 2419 2721 Langetona,
2449 2642 2792 2720 Clericum,

517 2740 600 2804 ad
630 2737 1174 2823 supervidendum
1204 2736 1604 2801 Abbathiam
1635 2736 1714 2800 de
1743 2757 1873 2820 qua
1912 2738 2344 2821 praemittitur,
2374 2747 2440 2803 et
2485 2741 2794 2806 beneficia

518 2839 599 2903 ad
630 2857 772 2903 eam
793 2835 1152 2919 spectantia
1174 2855 1287 2918 per
1308 2835 1679 2917 frequentes
1703 2835 2069 2900 invasiones
2093 2836 2428 2901 Scotorum
2450 2838 2793 2918 destructa,

519 2942 586 3001 et
614 2935 697 3000 ad
726 2934 949 3000 eadem
981 2934 1306 3011 beneficia,
1336 2954 1481 3016 quae
1524 2934 1606 2998 ab
1652 2934 1981 2999 occasione
2026 2936 2354 3018 praemissa
2395 2944 2618 3003 taxata
2661 2961 2793 3004 non

518 3034 776 3111 fuerint,
807 3032 1163 3097 secundum
1201 3052 1426 3095 verum
1463 3032 1748 3096 valorem
1793 3033 2144 3097 eorundem
2175 3034 2255 3097 de
2299 3055 2468 3098 novo
2512 3040 2796 3103 taxanda

518 3134 1024 3218 assignavimus:
1070 3131 1198 3209 Qui
1228 3131 1492 3214 quidem
1537 3130 1840 3215 Magistri
1884 3130 2265 3215 Radulphus
2309 3140 2376 3197 et
2405 3134 2792 3214 Willelmus,

519 3235 823 3318 praedicto
880 3233 1049 3297 D'no
1109 3231 1380 3295 Ricardo
1439 3231 1510 3294 in
1569 3230 1691 3293 hac
1743 3234 1925 3312 parte
1976 3250 2045 3294 se
2096 3231 2385 3296 totaliter
2426 3241 2790 3310 excusante,

518 3337 825 3399 taxarunt
897 3330 1209 3395 beneficia
1283 3327 1630 3393 Abbathiae
1690 3328 1772 3392 de
1830 3328 2146 3413 Whiteby
2203 3329 2536 3412 praedictae,
2594 3331 2787 3396 videl.

519 3432 855 3497 ecclesiam
930 3430 1010 3494 de
1070 3428 1385 3510 Whiteby
1444 3427 1526 3490 ad
1593 3426 1799 3489 xxxiv
1857 3446 2121 3504 marca&
2180 3427 2330 3493 eccl.
2388 3427 2466 3491 de
2537 3427 2780 3490 Sneton

516 3531 597 3595 ad
639 3552 683 3595 v
726 3530 936 3605 m'cas,
981 3527 1129 3592 eccl.
1180 3527 1261 3591 de
1308 3526 1545 3609 Filyng
1588 3525 1672 3589 ad
1715 3525 1811 3588 xii
1856 3525 2068 3602 m’cas,
2112 3526 2259 3590 eccl.
2308 3526 2387 3590 de
2431 3524 2784 3608 Hakenays

518 3629 600 3692 ad
674 3626 833 3690 xxiv
899 3627 1111 3702 m'cas,
1185 3623 1333 3689 eccl.
1403 3624 1483 3688 de
1557 3624 1782 3688 Semar
1854 3624 1937 3687 ad
2011 3624 2082 3687 xl
2145 3625 2354 3702 m’cas,
2428 3624 2786 3709 portionem

518 3726 806 3810 ejusdem
877 3722 1223 3786 Abbathiae
1295 3722 1365 3785 in
1440 3721 1667 3785 eadem
1742 3722 1825 3786 ad
1907 3722 2071 3785 xxiii
2152 3723 2263 3787 sol.
2345 3724 2446 3787 iiii
2488 3724 2568 3801 d.,
2643 3745 2791 3809 por-

518 3826 760 3889 tionem
836 3821 1037 3906 ejusd.
1104 3821 1175 3884 in
1249 3820 1399 3884 eccl.
1468 3820 1548 3885 de
1600 3819 1921 3884 Foxholes
1994 3821 2076 3885 ad
2134 3822 2254 3885 xiii
2283 3842 2329 3886 s.
2381 3822 2482 3885 iiii
2504 3823 2588 3899 d.,
2644 3844 2790 3907 por-

516 3925 759 3988 tionem
811 3921 1010 4007 ejusd.
1063 3920 1133 3984 in
1182 3918 1335 3985 eccl.
1376 3919 1455 3983 de
1501 3918 1839 3983 Nafferton
1866 3918 1949 3983 ad
1980 3941 2117 3983 xxx
2139 3939 2206 3997 s.,
2250 3920 2634 4004 temporalia
2676 3941 2792 3985 sua

518 4023 600 4087 ad
643 4022 684 4086 1.
737 4021 953 4096 libras,
1004 4025 1199 4101 prout
1247 4039 1364 4101 per
1413 4017 1687 4081 istorum
1732 4018 2152 4082 certificatum
2200 4018 2374 4101 quod
2426 4039 2540 4083 vos
2582 4024 2789 4084 trans-

518 4121 840 4185 mittimus
890 4117 1315 4203 praesentibus
1373 4136 1702 4180 annexum
1751 4117 1990 4199 poterit
2040 4136 2362 4200 apparere,
2413 4122 2491 4179 ut
2541 4116 2793 4182 decima

516 4220 684 4284 D’no
740 4221 961 4282 nostro
1020 4215 1179 4299 Regi
1240 4235 1543 4280 concessa
1595 4219 1662 4279 et
1711 4214 2135 4297 imposterum
2186 4214 2597 4279 concedenda
2639 4214 2792 4279 inde

514 4318 716 4384 levari
744 4316 949 4401 possit
978 4314 1059 4379 ad
1078 4334 1240 4397 opus
1270 4333 1476 4383 suum.
1554 4313 1762 4396 Super
1782 4333 1910 4395 quo
1932 4332 2046 4376 vos
2068 4313 2262 4396 juxta
2282 4312 2555 4377 formam
2577 4313 2791 4378 brevis

514 4416 766 4501 praefati
795 4412 1124 4477 reddimus
1170 4411 1290 4476 sub
1328 4411 1541 4495 sigillo
1585 4418 1803 4475 nostro
1848 4410 2037 4495 plene
2083 4412 2400 4477 certiores.
2491 4412 2794 4477 Feliciter

518 4516 587 4580 in
618 4511 788 4576 D’no
817 4509 1102 4573 valeatis,
