3254 5140
568 497 688 556 764
928 510 1470 562 CARTULARIUM
1508 510 1913 561 ABBATHIAE
1950 510 2049 562 DE
2083 508 2459 562 WHITEBY.

562 675 602 737 J
610 673 896 738 ohannes
942 674 1277 740 Coekerell
1321 684 1390 740 et
1433 676 1632 740 Hem.
1683 675 2018 740 Coekerell
2057 680 2283 739 tenent
2313 694 2517 736 unum
2547 671 2849 736 clausum

562 772 699 835 sive
743 771 806 836 le
851 773 1052 837 Intak
1096 794 1230 838 voc.
1265 773 1507 838 Bosard
1549 775 1614 837 N
1617 780 1736 852 est,
1765 779 1832 837 et
1874 794 1990 858 pro
2034 774 2399 857 brousynge
2436 793 2549 855 pro
2590 770 2855 835 catallis

564 869 700 933 suis
745 868 826 935 de
869 870 965 935 lez
1011 871 1305 957 Hollyes,
1341 879 1406 937 et
1449 893 1495 937 r.
1537 893 1654 957 per
1675 893 1736 936 a.
1768 872 1819 935 ii
1841 893 1892 937 s,
1924 872 2041 936 viii
2061 872 2119 937 d.
2210 871 2521 935 Ricardus
2549 869 2851 934 Ajanson

562 973 744 1033 tenet
788 991 995 1035 unum
1038 971 1330 1036 clausum
1376 971 1514 1037 sive
1559 971 1622 1037 le
1668 973 1868 1036 Intak
1911 992 2049 1037 voe.
2101 969 2469 1056 Lythe-bek
2512 988 2720 1053 nuper
2763 967 2848 1030 de

563 1073 749 1134 vasto
776 1069 910 1133 d’ni
942 1070 1263 1135 inclusum
1295 1075 1363 1135 et
1391 1091 1437 1135 r.
1469 1070 1622 1136 inde
1654 1092 1765 1155 per
1793 1091 1845 1135 a.
1879 1071 1993 1136 iis.

1464 1181 1714 1247 xviiili„
1746 1182 1941 1247 viiid.

1562 1371 1851 1436 AsLABY.

655 1490 1025 1556 Wfflelmus
1069 1491 1313 1557 Lelond
1356 1498 1538 1558 tenet
1571 1514 1779 1558 unum
1824 1499 2056 1558 tenem.
2090 1492 2332 1557 ibidem
2362 1512 2498 1556 voe.
2539 1490 2601 1555 le
2631 1489 2851 1553 Meste

569 1589 793 1654 House
822 1596 887 1654 et
916 1611 962 1655 r.
993 1590 1145 1656 inde
1174 1611 1291 1675 per
1318 1613 1372 1658 a.
1403 1593 1473 1656 vi
1491 1613 1539 1659 s,

1641 1712 1711 1755 v1
1729 1713 1777 1756 s,

1499 1891 1922 1954 UGLEBARBY.

655 2027 932 2092 Thomas
962 2026 1279 2111 Elrynton
1311 2033 1489 2091 tenet
1518 2026 1721 2091 libere
1753 2026 2111 2090 manerium
2142 2025 2221 2090 de
2254 2026 2628 2110 Uglebarby
2650 2026 2853 2109 praed.

568 2134 636 2192 et
663 2148 710 2191 r.
742 2126 894 2191 inde
923 2147 1039 2210 per
1067 2148 1120 2191 a.
1152 2148 1196 2191 v
1217 2145 1265 2191 s.
1297 2126 1366 2190 vi
1385 2126 1443 2191 d.
1533 2125 1809 2189 Thomas
1831 2125 2196 2209 Elrynyton
2218 2133 2397 2189 tenet
2418 2125 2617 2190 libere
2641 2135 2855 2190 certas

567 2233 769 2292 terres
799 2247 933 2292 voe.
970 2227 1316 2310 Kyrkland
1340 2225 1574 2310 jacent.
1606 2225 1679 2288 in
1710 2224 2084 2308 Uglebarby
2113 2224 2476 2289 Hane-feld
2520 2233 2587 2289 et.
2615 2246 2662 2290 r.
2693 2225 2853 2289 inde

567 2347 683 2410 per
725 2346 778 2390 a.
814 2326 911 2389 iiii
932 2345 977 2389 s.
1068 2327 1114 2390 J
1116 2327 1351 2390 aeobus
1398 2325 1827 2409 Strangways‚
1859 2324 2175 2408 Armiger,
2217 2330 2397 2388 tenet
2440 2332 2644 2389 certas
2696 2324 2851 2389 t’ras

568 2445 705 2489 voc.
756 2423 1082 2487 Kirkland
1127 2425 1416 2506 jacentes
1460 2424 1531 2486 in
1578 2422 2029 2487 Laude-house
2074 2423 2286 2499 Felde‚
2332 2431 2400 2488 et
2442 2444 2487 2488 r.
2534 2423 2685 2488 inde
2730 2445 2851 2508 per

569 2544 624 2590 a.
654 2523 794 2588 iiis.

1543 2623 1661 2685 viii
1680 2644 1724 2687 s.
1758 2621 1800 2685 x
1822 2623 1880 2685 d.

660 2731 925 2796 Summa
969 2731 1198 2796 reddit.
1246 2733 1407 2796 firm.
1454 2733 1648 2816 praed.
1697 2742 1855 2818 pert.
1905 2753 2113 2816 nuper
2151 2733 2393 2799 Mon'io
2424 2734 2504 2799 de
2534 2734 2846 2821 Whitbye

571 2832 763 2915 praed.
797 2831 961 2895 xviii
983 2830 1051 2894 li.
1084 2852 1174 2895 xv
1193 2852 1240 2896 s.
1274 2831 1418 2896 vid.

659 2929 906 3015 RepriS.
954 2934 1030 2993 ut
1073 2930 1145 2993 in
1189 2930 1377 2994 feodo
1422 2929 1768 2995 Pereivalli
1813 2929 2161 3007 Ooekerell,
2196 2932 2536 2997 Foreetarii
2573 2932 2654 2997 de
2682 2933 2848 2997 Esk-

571 3030 733 3108 dale,
781 3051 897 3115 per
945 3030 1259 3115 seriptum
1312 3029 1555 3095 indent,
1610 3030 1733 3094 sub
1780 3030 1892 3114 sig.
1948 3029 2380 3096 Conventuali
2432 3032 2590 3096 dicti
2641 3054 2850 3116 nuper

659 3231 976 3295 Remanet
1004 3229 1174 3295 clare
1205 3229 1367 3293 xviii
1385 3229 1447 3292 11.
1483 3250 1534 3293 11
1551 3249 1600 3293 s,
1632 3228 1681 3291 ii
1701 3229 1757 3292 d.

747 3407 863 3489 (In
892 3428 934 3469 a
963 3406 1246 3489 dzjfferent
1274 3403 1499 3487 hand.)

664 3541 1056 3606 Christemas
1105 3540 1310 3604 xxxvi
1328 3560 1374 3604 s.
1429 3539 1584 3603 iiid.
1638 3539 2104 3605 clere—xvsti.
2161 3562 2268 3606 vs.
2324 3544 2394 3607 xi
2411 3544 2471 3608 d.
2530 3550 2609 3608 20
2662 3566 2849 3628 yeres

571 3739 884 3804 iii⁰xxxiii
905 3740 972 3804 11.
1003 3739 1123 3803 viii
1143 3759 1190 3803 s.
1221 3739 1323 3802 iiii
1346 3738 1404 3801 d.
1495 3738 1579 3801 In
1607 3737 1784 3802 hand
1814 3759 1885 3802 ec
1902 3738 1967 3801 li.
2000 3739 2128 3803 and
2151 3739 2263 3805 the
2286 3748 2418 3807 rest
2439 3748 2508 3807 at
2527 3744 2845 3809 Lamasse.

745 3916 863 3997 (In
892 3915 988 3979 ιῑω
1001 3915 1247 3998 former
1276 3912 1499 3995 hamt.)

659 4051 854 4115 Mem.
887 4049 1033 4114 that
1076 4050 1186 4114 the
1231 4049 1557 4113 Mannour
1599 4049 1668 4112 of
1711 4047 1992 4113 Eskdale
2022 4047 2078 4112 is
2108 4068 2145 4113 a
2176 4069 2494 4115 mannour
2524 4053 2592 4116 of
2620 4052 2675 4116 it
2703 4053 2856 4118 selff

572 4149 701 4214 and
746 4150 801 4213 is
847 4171 930 4213 no
974 4148 1251 4234 parcelle
1295 4150 1366 4212 of
1404 4169 1534 4232 any
1577 4147 1762 4214 other
1797 4168 2112 4212 mannour
2140 4168 2210 4212 or
2237 4147 2607 4234 lordshippe
2635 4156 2704 4216 to
2735 4152 2847 4218 the

573 4247 748 4316 saido
788 4248 918 4313 late
961 4255 1370 4332 monasterye
1400 4247 2001 4343 apperteyn[ynge].
2088 4247 2249 4312 Also
2295 4268 2367 4314 as
2406 4270 2848 4335 concernynge

570 4369 736 4431 anye
779 4348 1140 4439 spiritqule
1181 4368 1607 4432 promoeyone
1652 4347 1957 4412 therunbo
1997 4356 2521 4435 apperteynynge
2554 4351 2588 4414 Ι
2618 4350 2849 4417 knowe

569 4467 748 4511 none.
840 4446 991 4510 And
1037 4447 1213 4512 what
1256 4467 1451 4530 synee
1496 4448 1660 4511 have
1706 4448 1867 4511 bene
1899 4453 1967 4510 at
1996 4467 2124 4530 any
2155 4454 2402 4533 tymet,
2365 4450 2555 4515 oiven
2589 4451 2688 4514 for
2717 4471 2846 4535 any
