3254 5140
511 592 633 651 688
902 593 1443 655 CARTULA'RIUM
1476 602 1884 654 ABBATHIAE
1921 602 2020 654 DE
2056 603 2430 656 WHITEBY.

597 767 732 831 Iste
761 767 1135 833 Willelmus
1181 768 1259 832 de
1307 768 1528 852 Percy,
1559 768 1882 832 Dominus
1914 768 2138 852 Percy,
2169 767 2360 831 duxit
2405 767 2476 831 in
2521 788 2789 833 uxorem

507 866 856 930 Dominam
887 866 1184 930 Emmam
1216 866 1296 930 de
1326 866 1536 943 Porte,
1567 865 1649 930 de
1678 866 1915 950 quibus
1946 866 2202 930 Alanus
2236 866 2443 951 Percy
2470 867 2698 931 senior.

594 965 845 1030 Alanus
876 966 956 1030 de
986 966 1190 1050 Percy
1221 965 1433 1030 senior
1461 965 1654 1029 duxit
1697 966 1769 1029 in
1813 986 2082 1031 uxorem
2126 967 2426 1030 Emmam
2470 966 2551 1031 de
2592 966 2791 1042 Gant,

509 1063 711 1128 filiam
757 1064 1034 1129 Gilberti
1074 1064 1154 1129 de
1199 1064 1394 1141 Gant,
1439 1064 1689 1128 domini
1734 1065 1814 1129 de
1858 1065 2280 1149 Hunmanby‚
2321 1065 2442 1128 filii
2487 1066 2790 1150 Hugonis

510 1162 589 1228 de
631 1163 823 1241 Gant,
869 1163 1141 1229 Comitis
1184 1162 1488 1228 Cestriae.¹
1578 1164 1716 1228 Iste
1764 1164 2096 1230 Gilbertus
2142 1164 2220 1229 de
2266 1165 2444 1229 Gant
2488 1165 2790 1229 fundavit

509 1263 979 1328 Monasterium
1024 1263 1495 1329 canonicorum
1528 1263 1608 1327 de
1640 1263 2097 1348 Bridlington'
2078 1286 2149 1328 16
2178 1264 2418 1329 honore
2451 1265 2511 1330 S.
2544 1265 2786 1330 Mariae.

598 1363 734 1428 Iste
792 1362 1113 1428 Dominus
1171 1362 1426 1426 Alanus
1487 1362 1567 1427 de
1627 1364 1832 1447 Percy
1892 1364 2299 1429 confirmavit
2349 1364 2567 1428 omnia
2618 1365 2788 1428 dona

506 1464 709 1547 patris
740 1463 842 1528 sui
872 1470 939 1527 et
967 1464 1188 1527 matris
1218 1483 1351 1527 suae
1380 1463 1711 1528 monachis
1743 1464 1822 1529 (16
1858 1464 2155 1548 Whitby,
2200 1472 2267 1529 et
2309 1464 2578 1549 insuper
2611 1464 2794 1529 dedit

508 1563 602 1626 eis
631 1563 680 1625 ii
702 1568 913 1647 partes
937 1562 1201 1627 decimae
1229 1561 1410 1627 bladi
1438 1563 1510 1626 in
1540 1564 1839 1628 omnibus
1864 1564 2169 1628 dominiis
2199 1564 2334 1629 suis
2356 1564 2788 1648 undecunque

509 1661 840 1726 seminatae
858 1660 884 1699 ²
912 1660 1018 1726 vel
1049 1662 1240 1726 cultae
1285 1661 1527 1727 fuerint
1570 1671 1858 1747 tempore
1904 1684 2039 1742 su0,
2083 1669 2219 1727 tam
2263 1664 2332 1727 in
2364 1664 2790 1748 Clyvelandia

508 1782 703 1844 quam
731 1761 803 1824 in
832 1761 1142 1826 comitatu
1174 1760 1460 1824 Lincoln.
1495 1768 1560 1826 et
1590 1760 1955 1846 Lindesey.⁸
2046 1763 2180 1827 Iste
2210 1762 2465 1827 Alanus
2497 1784 2579 1827 ex
2611 1762 2789 1826 diota

509 1860 740 1923 Emma
768 1860 1126 1944 procreavit
1155 1859 1578 1924 Willelmum.

595 1959 964 2025 Willelmus
1010 1960 1211 2042 Percy
1255 1959 1577 2024 secundus
1622 1959 2030 2025 confirmavit
2074 1968 2279 2026 cartas
2325 1962 2529 2044 patris
2575 1963 2678 2026 sui
2723 1968 2791 2028 et

507 2060 611 2124 avi
641 2060 744 2124 sui
773 2059 852 2124 (16
896 2066 1035 2125 1016
1066 2059 1445 2124 fundatione
1476 2060 1861 2125 Monasterii
1890 2061 1970 2126 de
2000 2061 2294 2144 Whitby.
2387 2061 2522 2125 Iste
2559 2061 2790 2145 genuit

508 2183 591 2226 ex
649 2161 850 2240 Alisa,
909 2166 1227 2245 consorte⁴
1260 2180 1395 2236 sua,
1452 2159 1742 2224 Alanum
1794 2160 2344 2246 primogenitum,⁴
2390 2161 2463 2224 in
2504 2160 2787 2245 Whitby

506 2261 849 2346 sepultum,
891 2261 1237 2327 Ricardum
1255 2259 1281 2298 ⁵
1328 2266 1394 2323 61
1438 2260 1809 2338 Robertum,
1857 2267 1924 2325 61
1968 2260 2138 2325 611111
2181 2261 2307 2325 sibi
2349 2261 2622 2326 retinuit
2661 2260 2785 2345 [et]

509 2360 870 2426 haeredibus
912 2362 1047 2426 suis
1091 2361 1172 2425 de
1216 2358 1595 2425 fundatione
1643 2360 1720 2426 de
1749 2360 2029 2444 Whitby
2069 2366 2306 2446 praeter
2348 2361 2787 2426 defensionem

510 2460 906 2525 Monasterii.

598 2559 908 2624 Ricardus
955 2558 1035 2624 de
1083 2558 1331 2645 Percy,⁵
1389 2559 1713 2625 Dominus
1767 2559 1846 2625 de
1893 2561 2114 2645 Percy,
2162 2560 2348 2625 duxit
2395 2561 2465 2625 in
2513 2580 2784 2625 uxorem

506 2712 519 2726 .
571 2712 583 2726 .
631 2712 644 2725 .
692 2711 705 2724 .
753 2710 766 2723 .
985 2657 1512 2723 willihelmum.⁶

596 2757 969 2825 Willelmus
1001 2758 1249 2842 Percy⁶
1288 2760 1519 2824 tertius
1556 2760 1860 2825 fundavit
1888 2761 2362 2825 Monasterium
2393 2759 2782 2825 Monialium

510 2861 590 2927 de
622 2859 920 2924 Handele
964 2859 1030 2921 in
1077 2858 1315 2924 honore
1348 2860 1416 2923 B.
1450 2860 1677 2923 Mariae
1707 2861 1795 2923 A0
1831 2865 2014 2925 1133.
2102 2861 2191 2924 Et
2236 2860 2437 2925 etiam
2484 2859 2789 2924 fundavit

510 2957 977 3024 Monasterium
1025 2957 1338 3022 Alborum
1383 2958 1853 3023 Monachorum
1898 2959 1978 3024 de
2023 2959 2239 3044 Salley
2284 2960 2354 3024 in
2401 2960 2650 3025 Graven
2693 2959 2788 3021 Αο

515 3058 724 3125 1147!
811 3058 900 3121 Et
949 3057 1128 3121 dedit
1180 3058 1509 3122 monachis
1563 3058 1643 3122 de
1687 3058 2004 3142 Whiteby
2053 3058 2390 3123 ecclesiam
2438 3058 2517 3123 de
2565 3058 2790 3121 Semar

498 3160 695 3244 juxta
742 3157 1072 3242 Scarburg,
1116 3161 1183 3221 et
1223 3157 1449 3242 genuit
1496 3156 1620 3221 ex⁸
1671 3155 1859 3221 Aliza
1904 3165 2197 3222 consorte
2242 3178 2359 3222 sua
2402 3156 2789 3233 Walterum,

579 3320 598 3356 ¹
633 3326 664 3351 ‘⁴
680 3326 880 3374 61111611
904 3325 970 3371 de
992 3324 1142 3380 aaut,
1169 3319 1330 3385 being
1365 3334 1462 3370 306
1497 3322 1557 3371 10
1581 3318 1843 3382 Baldwin,
1870 3319 1996 3370 Eat-l
2033 3319 2090 3371 of
2124 3319 2399 3382 Plaudere,
2429 3319 2534 3371 and
2559 3319 2784 3386 nephew

509 3411 567 3458 to
590 3410 833 3464 mum,
863 3402 1025 3454 Duke
1062 3403 1119 3453 of
1154 3402 1206 3452 N
1208 3402 1467 3468 ormandy
1494 3402 1696 3466 (Maud,
1722 3403 1846 3453 wife
1870 3406 1929 3454 to
1952 3403 2047 3454 the
2072 3419 2215 3455 36166
2240 3403 2416 3467 Duke,
2442 3403 2601 3471 being
2625 3401 2788 3454 313161·

510 3494 569 3541 10
593 3489 716 3539 11161
738 3489 995 3547 36141116)
1014 3484 1044 3508 ”
1070 3485 1116 3535 13
1142 3482 1431 3552 Dugdale's
1453 3489 1681 3536 account
1708 3485 2013 3551 (Baronaqe,
2041 3486 2074 3537 i.
2102 3489 2245 3548 400).

580 3568 603 3603 ²
624 3573 911 3622 seminam-s.
1360 3566 1382 3600 ³
1408 3568 1688 3633 Linde-sky.
2114 3568 2137 3602 ⁴
2152 3571 2551 3635 poimoqenitem.

581 3652 604 3687 ⁶
628 3655 678 3704 A
704 3652 967 3703 reference
1003 3654 1063 3703 to
1086 3651 1407 3703 Generation
1425 3665 1499 3702 IV.
1528 3652 1583 3702 in
1609 3652 1704 3703 the
1729 3656 1882 3703 notes
1906 3652 2074 3704 above
2099 3653 2207 3703 will
2232 3654 2413 3705 suffice
2437 3659 2496 3706 to
2518 3654 2667 3705 show
2690 3653 2785 3705 the

508 3754 653 3790 error
676 3737 817 3788 here.
882 3734 1115 3785 Richard
1144 3734 1227 3797 (de
1252 3735 1510 3800 Duneley)
1537 3734 1643 3786 and
1675 3735 1882 3787 Robert
1905 3734 2039 3788 both
2065 3736 2257 3804 belong
2290 3740 2349 3788 10
2373 3737 2696 3789 Generation
2723 3751 2787 3787 11.

509 3824 575 3874 In
599 3821 818 3888 making
840 3819 934 3872 the
958 3820 1177 3871 (1630661
1211 3819 1269 3870 of
1302 3819 1396 3870 the
1422 3820 1592 3885 Percy
1614 3819 1806 3885 family
1829 3819 2038 3887 depend
2075 3837 2216 3887 upon
2253 3821 2487 3873 Richard
2511 3821 2578 3873 de
2616 3824 2786 3888 Per-ey

507 3907 575 3958 de
599 3905 852 3970 Dunsley,
880 3903 975 3955 the
1000 3902 1182 3954 writer
1205 3902 1251 3953 13
1277 3906 1372 3953 not
1396 3902 1524 3967 only
1547 3902 1740 3970 falling
1774 3903 1889 3955 into
1912 3903 2006 3955 the
2042 3920 2186 3955 36616
2209 3920 2356 3956 error
2390 3921 2448 3955 63
2483 3905 2578 3956 the
2613 3905 2786 3957 eet-ibe

508 3991 563 4041 in
602 3990 654 4040 Ν
657 4006 702 4040 0.
741 3990 846 4044 376
876 3991 943 4054 (11.
983 3988 1105 4049 314,
1141 4002 1229 4037 366
1256 3990 1379 4036 note
1417 3988 1450 4036 2
1475 3985 1667 4048 there),
1689 3986 1793 4037 but
1813 3986 2033 4054 making
2054 3987 2150 4038 the
2175 3987 2455 4039 confusion
2478 3988 2592 4039 still
2618 4004 2784 4040 worse

508 4071 844 4127 eonfounded
867 4071 941 4137 by
966 4069 1214 4137 bringing
1234 4068 1330 4121 the
1354 4068 1473 4120 36ἰὰ
1495 4067 1728 4120 Richard
1752 4069 1867 4120 into
1890 4069 2215 4122 Generation
2242 4084 2319 4120 lv,

580 4157 603 4191 ⁰
628 4157 775 4209 Will.
802 4156 870 4207 de
895 4155 1075 4220 Percy‚
1101 4154 1168 4205 de
1194 4153 1477 4219 Dunseley,
1509 4153 1603 4204 the
1627 4154 1736 4204 real
1761 4153 1986 4205 founder
2010 4154 2066 4205 of
2097 4154 2358 4224 Handale,
2386 4170 2497 4207 was
2521 4154 2784 4222 grandson

509 4242 565 4294 of
600 4241 835 4293 william
872 4255 969 4290 ove
1003 4239 1084 4290 163
1119 4254 1362 4306 gernum,
1390 4237 1496 4288 and
1529 4236 1576 4287 13
1611 4237 1669 4287 16
1705 4237 1800 4289 1116
1835 4237 1982 4289 third
2019 4238 2341 4290 Generation
2376 4239 2656 4301 therefore,
2687 4244 2786 4291 not

509 4326 603 4377 the
638 4325 779 4376 fifth.
842 4324 897 4375 It
920 4324 965 4374 13
989 4322 1229 4374 666(11633
1254 4326 1312 4372 10
1337 4338 1434 4387 say
1457 4321 1609 4372 there
1637 4337 1746 4371 was
1781 4337 1851 4371 no
1877 4320 2178 4373 Willelmus
2213 4322 2423 4374 tertius.
2499 4322 2611 4373 The
2647 4323 2785 4374 male

508 4410 616 4461 line
640 4408 801 4459 failed
825 4407 965 4458 61161·
988 4406 1081 4458 the
1106 4406 1268 4457 death
1293 4406 1350 4456 of
1372 4406 1512 4455 Alan
1536 4405 1589 4455 in
1619 4404 1943 4456 Generation
1968 4419 2044 4455 IV.

580 4491 601 4526 ⁷
629 4491 863 4542 william
887 4490 954 4540 de
982 4491 1147 4554 Percy
1172 4502 1250 4548 11.,
1279 4505 1375 4538 3011
1395 4488 1450 4538 of
1474 4488 1614 4538 Alan
1639 4487 1732 4538 the
1755 4492 1918 4554 great,
1946 4487 2180 4539 founded
2205 4488 2396 4555 Sallay.

581 4576 603 4611 ⁸
628 4575 815 4635 Maria,
844 4573 945 4653 but
969 4573 1150 4624 ecored
1177 4572 1363 4633 under,
1390 4576 1449 4623 to
1473 4571 1707 4623 indicate
1731 4571 1824 4622 the
1850 4571 2094 4634 mistake,
2123 4572 2311 4624 stands
2335 4572 2515 4623 before
2540 4573 2708 4625 Aliza.
