3254 5140
501 581 626 639 530
870 591 1411 644 CARTULARIUM
1449 591 1857 645 ABBATHIAE
1893 592 1992 644 DE
2026 590 2398 645 WHITEBY.

498 767 819 833 Henricus
872 769 1031 846 Rex,
1081 789 1241 832 avus
1300 790 1503 847 meus,
1553 770 1762 835 eidem
1809 769 1981 834 Eccl.
2035 769 2354 835 dederunt
2411 775 2481 835 et
2538 790 2590 834 c.
2642 768 2777 834 suis

497 868 1048 932 confirmaverunt.
1142 868 1383 932 Omnes
1444 889 1593 932 vero
1654 868 2031 932 donationes
2077 867 2396 933 Willelmi
2447 868 2527 932 de
2580 869 2778 943 Perci,

498 966 551 1027 F
554 966 882 1030 undatoris
934 966 1127 1049 praed.
1180 966 1497 1044 Abbatiae,
1558 971 1622 1031 et
1683 967 1880 1030 Alani
1941 966 2020 1031 de
2080 967 2266 1031 Perci
2323 967 2445 1030 filii
2505 968 2663 1050 ejus,
2711 973 2778 1030 et

495 1064 810 1129 Willelmi
854 1067 935 1130 de
982 1066 1161 1130 Perci
1205 1065 1326 1128 filii
1369 1065 1586 1142 Alani,
1618 1072 1685 1130 et
1713 1066 1983 1130 aliorum
2015 1065 2467 1129 advocatorum
2497 1086 2776 1143 suorum,

496 1164 668 1228 unde
711 1164 952 1229 habent
996 1172 1203 1229 cartas
1248 1184 1485 1240 eorum,
1518 1172 1584 1228 et
1630 1165 1790 1229 duas
1834 1186 1955 1229 car.
1988 1165 2121 1229 t’rae
2150 1165 2220 1227 in
2252 1165 2681 1242 Hachenesse,
2711 1173 2777 1229 et

499 1362 675 1424 omni
718 1361 923 1445 geldo,
964 1361 1241 1425 concedo
1287 1362 1381 1425 eis
1426 1353 1503 1425 et'
1536 1361 1701 1426 conf.
1747 1363 1817 1425 in
1863 1363 2045 1426 elem.
2077 1369 2472 1446 perpetuam.
2562 1362 2775 1440 Quare

498 1459 644 1524 volo
689 1466 756 1524 et
798 1461 1099 1544 praecipio
1143 1468 1219 1524 ut
1263 1461 1425 1525 bene
1470 1466 1535 1525 et
1579 1460 1649 1524 in
1695 1481 1868 1544 pace,
1900 1467 1965 1525 et
2008 1460 2119 1524 lib.
2151 1467 2218 1525 et
2260 1461 2529 1527 honorif.
2561 1466 2628 1526 et
2666 1482 2771 1544 qu.

498 1564 764 1623 teneant
809 1558 1108 1623 ecclesias
1148 1566 1213 1622 et
1244 1558 1523 1623 decimas
1555 1567 1622 1625 et
1651 1559 1801 1623 t’ras
1832 1580 1998 1636 suas,
2029 1560 2099 1623 in
2131 1560 2321 1624 bosco
2351 1567 2417 1625 et
2445 1561 2515 1623 in
2560 1560 2775 1644 plano,

498 1659 568 1721 in
618 1659 823 1741 pratis
868 1665 933 1722 et
977 1658 1278 1742 pasturis,
1320 1659 1390 1721 in
1435 1660 1621 1742 aquis
1676 1666 1742 1723 et
1788 1659 2196 1735 molendiuiS,
2243 1661 2315 1723 in
2366 1659 2656 1724 mariscis
2709 1668 2775 1723 et

500 1756 763 1820 vivariis
811 1762 877 1820 et
927 1756 1215 1839 piscariis
1268 1762 1335 1820 et
1386 1758 1631 1840 stagnis
1676 1764 1743 1822 et
1795 1758 2094 1835 exclusis,
2145 1758 2316 1822 intra
2368 1758 2657 1842 Burgum
2709 1765 2776 1821 et

500 1861 699 1933 extra,
722 1856 791 1918 in
823 1855 992 1932 foris,
1015 1856 1084 1919 in
1115 1854 1311 1933 feriis,
1333 1855 1402 1918 in
1434 1855 1698 1920 civitate
1730 1863 1796 1920 et
1826 1864 2026 1934 extra,
2048 1856 2118 1919 in
2149 1856 2401 1922 forestis
2432 1863 2500 1921 et
2528 1857 2775 1934 divisis,

499 1954 569 2016 in
613 1954 920 2019 vaccariis
965 1960 1032 2019 et
1075 1953 1484 2031 hermitoriis,
1528 1955 1599 2017 in
1651 1955 1917 2032 semitis,
1956 1956 2026 2018 in
2068 1955 2213 2032 viis,
2253 1962 2320 2020 et
2359 1956 2429 2018 in
2475 1957 2772 2020 omnibus

498 2052 655 2117 locis
701 2059 766 2118 et
808 2053 1016 2130 rebus,
1059 2074 1207 2118 cum
1254 2074 1420 2117 omn.
1467 2054 1673 2118 libert.
1714 2061 1782 2118 et
1822 2053 2327 2136 quietationibus
2357 2074 2507 2118 cum
2537 2054 2773 2138 quibus

499 2150 731 2216 melius
776 2162 841 2216 et
885 2152 1148 2216 liberius
1192 2158 1544 2216 tenuerunt
1587 2152 1984 2236 temporibus
2028 2151 2343 2216 willelmi
2372 2153 2596 2236 proavi
2626 2154 2773 2229 mei,

500 2258 566 2314 et
608 2251 926 2315 Willelmi
972 2252 1164 2335 Regis
1210 2250 1331 2314 filii
1375 2252 1532 2335 ejuS,
1577 2258 1645 2316 et
1690 2251 1959 2316 Henrici
2005 2251 2196 2334 Regis
2233 2251 2338 2314 avi
2369 2252 2514 2315 mei.
2603 2252 2769 2315 Test.

501 2349 816 2428 Ricardo,¹
860 2351 1200 2434 Archiep'o
1255 2350 1553 2415 Cantuar‘.
1660 2350 1934 2415 Ricardo
1979 2350 2060 2415 de
2105 2349 2310 2415 Luci?
2411 2351 2458 2415 J
2461 2351 2647 2415 oscel.
2695 2350 2774 2414 de

499 2449 807 2513 Luziam.⁸
894 2449 1171 2533 Hugone
1202 2448 1282 2512 de
1313 2448 1538 2514 Cressi.
1629 2448 1827 2534 Apud
1858 2450 2161 2514 Winton’.

760 2647 1173 2711 DLXXXII.
1221 2646 1565 2730 [Omni-nn
1594 2648 1794 2726 Rom„
1827 2654 1863 2712 5
1895 2648 2079 2714 Enw.
2111 2666 2197 2727 η,
2227 2649 2347 2714 No.
2385 2649 2512 2734 17.]

588 2774 726 2837 Rex
745 2772 1123 2855 Archiep'is,
1141 2780 1257 2837 etc.
1283 2772 1576 2840 salutem.
1642 2774 2057 2857 Inspeximus
2081 2781 2323 2839 cartam
2347 2795 2541 2858 quam
2564 2776 2772 2839 D’nus

501 2871 886 2949 willelmus,
916 2872 1242 2955 quondam
1275 2872 1417 2936 Rex
1447 2872 1661 2957 AngL,
1690 2874 2058 2957 progenitor
2084 2881 2320 2951 noster,
2350 2873 2505 2938 fecit
2534 2874 2777 2938 Abbati

499 2979 566 3037 et
631 2972 961 3036 monachis
1035 2972 1114 3035 de
1180 2971 1464 3056 witeby,
1522 2973 1592 3036 in
1666 2973 1803 3037 haec
1862 2973 2072 3038 verba.
2183 2972 2571 3051 Willelmus,
2630 2973 2772 3037 Rex

497 3071 876 3156 Anglomm,
906 3071 1203 3135 omnibus
1234 3071 1530 3136 fidelibus
1562 3072 1716 3149 suis,
1745 3071 2036 3136 salutem.
2128 3071 2358 3136 Sciatis
2387 3092 2490 3136 me
2521 3071 2773 3136 dedisse

499 3178 566 3235 et
610 3192 659 3236 c.
707 3191 787 3235 m.
836 3171 998 3235 conf.
1048 3170 1216 3235 Eccl.
1264 3171 1343 3236 de
1390 3170 1654 3248 Witebi,
1697 3177 1762 3235 et
1809 3170 2056 3235 Serloni
2103 3170 2312 3234 Priori
2343 3177 2412 3235 et
2439 3171 2772 3236 monachis

498 3270 785 3354 ejusdem
813 3270 958 3348 loci,
987 3270 1271 3354 imperp.‚
1294 3290 1485 3353 super
1513 3290 1682 3333 omn.
1707 3269 1856 3333 t’ras
1885 3289 2033 3334 suas
2064 3269 2420 3352 adquisitas
2452 3276 2518 3334 et
2546 3269 2772 3353 adqui-

497 3370 745 3447 rendas,
767 3377 833 3433 et
863 3390 1056 3452 super
1083 3389 1304 3434 omnes
1336 3368 1630 3432 homines
1661 3388 1809 3431 suos
1839 3366 2115 3432 ubilibet
2144 3367 2530 3445 habitantes,
2550 3387 2773 3432 omnes

497 3468 701 3532 libert
734 3475 800 3531 et
828 3468 936 3531 lib.
968 3474 1249 3531 consuet.
1275 3487 1434 3550 quas
1465 3465 1639 3550 regia
1667 3471 1954 3550 potestas
1979 3465 2174 3529 alicui
2197 3466 2366 3531 Eccl.
2390 3466 2540 3530 dare
2560 3471 2776 3548 potest

499 3568 645 3651 [etc.,
668 3587 739 3629 as
766 3568 841 3629 in
869 3567 984 3629 Nc.
1019 3566 1184 3649 184].
1276 3565 1692 3648 Inspeximus
1722 3565 1918 3629 etiam
1948 3565 2275 3649 quandam
2304 3566 2497 3629 aliam
2529 3572 2771 3629 cartam

496 3686 689 3750 quam
736 3665 943 3728 idem⁴
970 3664 1334 3747 progenitor
1360 3667 1576 3726 noster
1601 3662 1759 3727 fecit
1789 3664 2028 3728 eisdem
2057 3665 2302 3728 Abbati
2331 3669 2398 3729 et
2436 3665 2769 3730 monachis

496 3766 565 3828 in
608 3764 743 3829 haec
773 3763 965 3828 verba
985 3761 1475 3839 :—Willelmus,
1508 3762 1646 3827 Rex
1678 3762 2050 3847 Anglomm,
2079 3764 2396 3849 T[homae]
2428 3763 2770 3847 Archiep’o

495 3872 563 3930 et
613 3865 825 3928 Alano
874 3863 1113 3929 Comiti
1163 3869 1232 3928 et
1278 3862 1614 3946 R[adulfo]
1668 3863 2031 3948 Pagauello,
2073 3870 2140 3928 et
2190 3884 2357 3927 omn.
2406 3863 2575 3928 fidel.
2615 3863 2769 3939 suis,

567 3976 587 4007 ¹
628 3978 949 4032 1174-1184.

566 4062 586 4092 ¹
620 4060 818 4111 Sheriff
848 4061 904 4111 of
939 4060 1105 4111 Essex
1140 4059 1248 4111 and
1285 4058 1686 4111 Hertfordshire
1721 4058 1778 4109 in
1814 4059 1909 4110 the
1945 4057 2131 4109 earlier
2165 4062 2288 4125 part
2323 4058 2381 4108 of
2413 4056 2508 4108 the
2543 4056 2691 4125 reign
2715 4056 2773 4107 of

496 4145 682 4210 Hem-y
719 4157 798 4207 η,
836 4143 941 4194 and
978 4143 1114 4194 later
1148 4158 1219 4193 on
1260 4142 1629 4194 “Governour
1665 4142 1721 4193 of
1755 4141 1849 4193 the
1885 4141 2112 4192 Realm”
2135 4157 2202 4192 on
2229 4139 2480 4191 different
2503 4141 2772 4191 occasions

493 4226 649 4277 when
672 4225 767 4277 the
792 4226 937 4292 King
960 4229 1069 4275 was
1093 4225 1280 4276 absent
1304 4241 1374 4275 on
1398 4224 1745 4277 Continental
1770 4224 1962 4275 affairs.

566 4306 588 4341 ³
624 4307 947 4358 Miswritten
972 4307 1053 4357 for
1080 4306 1327 4359 Luvaine.

565 4388 588 4424 ⁴
625 4390 924 4455 Important
957 4405 1014 4440 as
1050 4389 1405 4456 conclusively
1441 4390 1793 4457 establishing
1815 4389 1912 4441 the
1936 4388 2252 4455 authorship
2276 4388 2334 4439 of
2363 4388 2459 4440 the
2482 4387 2694 4440 char-ter
2715 4389 2772 4439 in

494 4472 758 4540 question,
778 4470 949 4521 which
987 4471 1033 4522 is
1066 4471 1138 4537 by
1164 4472 1416 4523 Char-lton
1445 4477 1513 4537 (p.
1542 4475 1650 4535 58),
1677 4473 1783 4523 and
1807 4473 1879 4538 by
1906 4472 2102 4539 Young
2126 4471 2236 4523 also
2264 4475 2332 4537 (p.
2362 4470 2505 4533 278),
2532 4470 2769 4522 ascribed

494 4563 551 4609 to
578 4556 813 4607 william
842 4554 1025 4605 Rufus.
