3254 5140
612 624 735 680 358
956 635 1505 687 CARTULARIUM
1543 636 1952 688 ABBATHIAE
1987 637 2085 688 DE
2124 638 2498 703 WHITEBY.

613 819 881 863 success.
914 800 1147 864 nostrie
1177 807 1306 864 tres
1336 799 1572 864 solidos
1602 801 1852 884 argenti
1881 802 1963 865 ad
1995 802 2159 865 festa
2190 802 2249 867 S.
2275 802 2549 867 Martini
2578 804 2648 867 in
2678 803 2888 868 hieme

613 906 681 962 et
712 900 1136 975 Pentecostes‚
1169 920 1281 982 per
1312 899 1590 983 aequales
1634 907 1865 983 partes.
1953 901 2041 964 Et
2084 901 2142 964 si
2183 902 2376 984 praed.
2410 910 2538 966 tres
2582 903 2773 967 solidi
2801 904 2885 967 ad

617 998 899 1081 aliquem
951 1000 1299 1061 terminum
1352 998 1424 1061 in
1469 1005 1653 1083 parte
1701 999 1808 1063 vel
1854 999 1925 1062 in
1969 1005 2107 1063 toto
2151 1021 2190 1063 a
2234 1009 2403 1066 retro
2464 1001 2707 1066 fuerint
2757 1022 2888 1064 non

617 1098 833 1176 soluti,
862 1098 1186 1163 voluimus
1217 1100 1389 1183 quod
1418 1099 1581 1163 bene
1611 1100 1805 1164 liceat
1834 1099 2020 1164 nobis
2051 1107 2117 1166 et
2146 1102 2620 1165 successoribus
2652 1101 2888 1165 nostris

616 1199 856 1263 dictam
887 1200 1314 1276 medietatem,
1345 1220 1491 1263 cnm
1524 1201 1824 1264 omnibus
1853 1208 2011 1284 pert.
2044 1203 2198 1278 suis,
2222 1202 2470 1285 ingredi
2502 1211 2567 1265 et
2596 1202 2889 1277 retinere,
2942 1231 2951 1239 ·

616 1318 731 1381 pro
781 1299 970 1362 libito
1022 1306 1257 1375 nostr0,
1303 1300 1661 1363 secundum
1705 1298 1878 1382 quod
1929 1300 2114 1364 nobis
2165 1300 2397 1364 melius
2451 1300 2733 1364 viderint
2780 1320 2887 1363 ex·

616 1398 853 1479 pedire,
884 1399 1023 1462 sine
1054 1398 1517 1479 impedimento
1548 1418 1663 1461 seu
1708 1399 2214 1463 contradictione
2245 1399 2406 1463 dicti
2436 1398 2753 1463 Willelmi
2785 1396 2890 1459 vel

618 1497 762 1560 haer.
811 1516 1088 1560 suorum.
1209 1497 1293 1559 In
1346 1497 1529 1578 cujus
1588 1497 1680 1559 rei
1727 1503 1872 1560 test.
1926 1498 2139 1580 sigilla
2185 1499 2468 1580 partium
2518 1498 2889 1562 alternatim

618 1601 773 1658 sunt
856 1595 1165 1678 apposita.
1302 1595 1451 1658 Hiis
1532 1595 1824 1659 testibus,
1967 1596 2267 1661 Johanne
2341 1597 2421 1661 de
2512 1597 2886 1660 Mideltona.

617 1694 893 1757 Roberto
967 1694 1048 1759 de
1107 1694 1541 1773 Roderhame;
1614 1701 1683 1759 et
1740 1694 1900 1759 aliis.
2020 1696 2269 1759 Datum
2326 1697 2501 1780 apud
2561 1697 2891 1778 Whiteby,

617 1794 895 1857 secundo
925 1793 1028 1860 die
1061 1795 1300 1859 mensis
1332 1795 1649 1871 OctobriS,
1678 1795 1843 1859 AD.
1875 1804 2092 1861 M⁰ccc⁰
2122 1797 2678 1880 quinquagesimo,

1596 1995 1904 2062 ΟΟΟΟΙ.1

702 2129 864 2196 Haec
886 2130 1229 2197 indentura
1259 2138 1535 2199 testatur
1562 2155 1685 2211 me,
1716 2134 2084 2199 Galfridum
2114 2133 2385 2211 Rosels,²
2414 2133 2572 2211 ded„
2603 2153 2796 2209 conc„
2826 2139 2891 2195 et

614 2252 729 2315 per
758 2240 964 2297 cartas
995 2253 1169 2297 meaa
1202 2234 1515 2316 sigillatas
1547 2234 1829 2298 confirm.
1862 2233 2104 2297 Abbati
2133 2241 2198 2297 et
2230 2232 2598 2298 Conventui
2629 2233 2890 2295 Monae-

614 2332 762 2395 tcrii
793 2333 872 2396 de
901 2331 1195 2415 Whitby,
1226 2338 1290 2395 et
1321 2333 1619 2395 omnibus
1666 2352 1936 2396 success.
1970 2332 2124 2406 suia,
2154 2351 2355 2393 unum
2390 2331 2789 2411 mesuagium
2821 2329 2892 2390 in

614 2431 820 2492 tribus
851 2429 1102 2493 bovatis
1135 2429 1267 2493 t'rae
1298 2429 1366 2491 in
1391 2427 1549 2491 villa
1578 2435 1648 2492 et
1677 2429 1748 2491 in
1778 2428 2046 2493 t’ritorio
2077 2428 2155 2490 de
2181 2428 2245 2489 N
2247 2434 2459 2491 ewton
2488 2428 2609 2489 sub
2644 2426 2891 2488 Onnes-

616 2527 859 2613 bergh⁸
901 2528 971 2592 in
1005 2526 1433 2604 Clevelandia‚
1479 2546 1630 2590 cum
1673 2548 1840 2591 omn.
1873 2527 2008 2592 suis
2052 2531 2229 2609 pem,
2259 2531 2335 2588 ut
2377 2524 2448 2588 in
2494 2524 2684 2588 cartis
2731 2521 2890 2584 meis

687 2678 704 2712 ¹
744 2678 964 2730 Headed
990 2679 1046 2730 in
1081 2695 1113 2728 a
1134 2678 1271 2729 later
1305 2678 1410 2728 and
1448 2677 1751 2728 ill-written
1785 2677 1929 2728 hand
1953 2693 2011 2727 aa
2047 2676 2254 2727 follows
2279 2674 2552 2726 2—“falso
2581 2689 2702 2725 vero
2737 2672 2892 2724 fictus

616 2768 680 2815 ut
703 2763 904 2828 injuste
930 2778 1026 2813 noe
1049 2761 1437 2828 constringeret
1460 2760 1527 2810 ad
1553 2760 1917 2811 inventionem
1943 2756 2170 2811 clerici.”
2436 2767 2448 2778 ·

686 2844 710 2878 ²
745 2846 841 2897 See
866 2845 918 2896 N
921 2861 991 2896 os.
1018 2846 1140 2905 403,
1166 2845 1288 2906 404,
1328 2843 1561 2894 wherein
1585 2842 1695 2893 thia
1721 2858 1910 2907 person
1935 2841 2119 2892 makes
2142 2839 2472 2892 concessione
2495 2845 2554 2892 ιο
2579 2838 2808 2905 Whitby
2833 2839 2887 2889 in

614 2933 707 2984 the
732 2948 875 2985 same
900 2932 1125 2997 vicinity
1151 2947 1209 2982 aa
1233 2931 1287 2981 in
1304 2932 1398 2981 the
1422 2934 1638 2998 present
1658 2927 1806 2982 deed.
1841 2980 1845 2984 ⁴
1880 2929 1995 2980 'rho
2018 2928 2217 2978 former
2238 2929 2294 2979 of
2317 2928 2467 2979 these
2485 2927 2647 2978 deeda
2665 2928 2712 2979 is
2730 2926 2892 2978 dated

623 3016 772 3076 1312,
797 3015 890 3064 the
905 3014 1095 3065 second
1127 3015 1277 3064 1318.
1353 3012 1624 3064 Galfridua
1640 3011 1706 3062 de
1734 3012 1920 3063 Roaels
1938 3011 1985 3061 ia
2009 3026 2042 3061 a
2060 3010 2277 3061 witneae
2300 3014 2360 3062 ιο
2378 3010 2531 3061 three
2550 3011 2800 3073 char-tera,
2822 3009 2896 3060 all

616 3099 777 3149 dated
796 3102 853 3148 at
870 3097 964 3148 the
979 3113 1120 3147 same
1138 3096 1285 3157 time,
1304 3095 1357 3146 in
1378 3095 1472 3146 the
1491 3110 1619 3160 year
1639 3096 1790 3155 1303,
1814 3094 1919 3145 and
1939 3091 2171 3144 attested
2185 3093 2260 3160 by
2276 3093 2370 3145 the
2385 3108 2527 3144 same
2545 3095 2894 3144 witnesaea—

616 3197 715 3230 one
735 3180 790 3230 of
807 3180 969 3240 them,
987 3178 1249 3240 however,
1264 3183 1322 3229 at
1338 3177 1937 3240 Werlton(Wh01-lton)‚
1956 3176 2048 3228 the
2064 3176 2219 3227 other
2231 3181 2339 3227 two
2357 3181 2415 3227 at
2431 3177 2622 3226 Hilton
2642 3177 2696 3226 in
2713 3176 2893 3227 Clave-

619 3262 888 3328 land—-by
914 3261 1088 3313 which
1114 3265 1335 3312 matters
1360 3260 1415 3310 of
1438 3260 1663 3310 intereat
1687 3264 1745 3310 ιο
1762 3261 1858 3310 the
1883 3258 2143 3310 Mennella
2168 3260 2223 3309 of
2247 3259 2438 3310 Hilton
2463 3275 2601 3310 were
2625 3260 2713 3324 adj
2723 3258 2891 3310 usted.

621 3345 684 3395 In
708 3345 801 3396 the
827 3362 925 3396 one
951 3345 1006 3396 οἱ
1042 3346 1136 3397 the
1161 3350 1271 3396 two
1307 3343 1500 3394 Hilton
1536 3342 1713 3402 deede,
1739 3343 1881 3393 John
1909 3342 1976 3393 de
2013 3342 2248 3393 Mennell
2284 3342 2350 3392 de
2387 3342 2579 3392 Hilton
2614 3347 2799 3409 granta
2836 3346 2895 3393 to

619 3429 855 3494 Stephen
879 3429 943 3478 de
970 3427 1203 3478 Roeellee
1227 3428 1320 3478 the
1346 3442 1528 3476 manor
1553 3426 1609 3476 of
1634 3425 1841 3488 Hilton,
1861 3425 1996 3476 with
2021 3424 2093 3475 ita
2117 3425 2330 3476 various
2353 3425 2600 3491 homages
2619 3425 2723 3476 and
2742 3425 2896 3477 other

618 3516 1049 3576 appui-tenancea,
1072 3510 1177 3560 and
1192 3510 1392 3560 certain
1411 3508 1656 3574 specified
1675 3509 1830 3559 landa
1844 3508 1898 3558 in
1916 3507 2125 3569 Hilton,
2142 3507 2352 3558 Hutton
2373 3507 2584 3573 Rudby,
2602 3513 2717 3570 etc„
2736 3508 2895 3559 while

619 3593 674 3643 in
714 3593 807 3644 the
846 3594 998 3643 other
1037 3593 1130 3644 the
1166 3593 1339 3643 whole
1376 3592 1420 3643 ia
1459 3591 1742 3659 regranted
1780 3591 1854 3657 by
1889 3589 2126 3655 Stephen
2163 3590 2230 3640 de
2267 3589 2504 3640 Roeellea
2543 3594 2603 3641 ιο
2642 3591 2788 3641 John
2830 3591 2895 3641 de

619 3673 856 3725 Mennell
879 3675 980 3726 and
1020 3675 1103 3725 his
1126 3675 1251 3724 wife
1288 3674 1489 3736 sibilla,
1515 3674 1644 3725 thua
1681 3673 2000 3739 facilitating
2023 3687 2056 3722 a
2081 3688 2201 3722 new
2224 3672 2534 3724 settlement
2558 3673 2615 3723 of
2648 3673 2743 3724 the
2778 3672 2894 3724 aaid

616 3763 881 3825 property.
957 3756 1125 3808 There
1161 3774 1259 3809 can
1283 3758 1348 3808 be
1373 3774 1442 3807 no
1478 3757 1650 3808 doubt
1684 3758 1740 3808 of
1777 3756 1872 3808 the
1907 3755 2220 3807 connection
2254 3755 2495 3807 between
2520 3756 2752 3822 Stephen
2789 3757 2895 3807 and

616 3841 840 3905 Galfrid,
867 3841 958 3892 the
983 3840 1179 3892 former
1193 3841 1249 3891 of
1272 3842 1450 3891 whom
1468 3856 1688 3907 appears
1711 3844 1770 3891 ιο
1788 3840 1924 3890 have
1950 3839 2083 3889 been
2100 3839 2194 3890 the
2218 3855 2364 3890 more
2381 3839 2672 3904 important
2689 3856 2893 3905 person,

617 3927 722 3978 and
752 3929 811 3977 to
849 3925 984 3976 have
1025 3925 1159 3975 been
1195 3924 1485 3976 connected
1525 3923 1657 3975 with
1695 3923 1967 3985 Livet-ton,
1994 3938 2186 3989 among
2222 3922 2377 3973 other
2412 3923 2586 3988 places
2623 3923 2677 3972 in
2715 3923 2896 3973 Cleve·

616 4010 757 4060 land.
847 4008 914 4059 In
955 4008 1055 4059 No.
1097 4010 1183 4071 28,
1210 4009 1386 4075 Roget
1427 4007 1494 4058 de
1532 4007 1691 4058 Rosel
1738 4006 1784 4057 ia
1822 4005 2016 4056 named
2055 4021 2112 4056 as
2149 4021 2249 4055 one
2286 4005 2343 4055 of
2378 4005 2580 4055 Robert
2615 4005 2684 4055 de
2718 4004 2897 4057 Brua’a

614 4097 777 4143 “tres
812 4089 1055 4153 militea,'’
1080 4089 1269 4158 dating
1293 4091 1471 4141 before
1514 4092 1687 4149 1140;
1721 4089 1758 4139 a
1789 4089 2023 4154 Stephen
2060 4088 2127 4138 de
2153 4088 2339 4139 Rosela
2376 4103 2559 4138 occure
2594 4104 2653 4138 aa
2681 4088 2897 4139 witness

621 4177 676 4225 in
694 4173 873 4225 adeed
896 4175 968 4238 by
999 4173 1173 4223 Adam
1199 4174 1265 4224 de
1290 4174 1425 4223 Brua
1450 4184 1510 4223 11.
1542 4173 1619 4234 (in
1644 4169 1798 4221 York
1825 4172 2110 4233 Muaeum),
2137 4170 2409 4231 executed,
2428 4170 2707 4230 therefore,
2728 4170 2781 4220 in
2808 4171 2902 4221 the

618 4258 785 4307 latter
818 4260 937 4322 part
974 4256 1031 4306 οἱ
1069 4256 1163 4305 the
1201 4272 1344 4306 name
1380 4261 1605 4319 century
1631 4272 1645 4315 ;
1681 4254 1905 4304 another
1938 4253 2171 4318 Stephon
2208 4254 2275 4303 de
2311 4253 2494 4303 Roeela
2531 4253 2806 4304 flouriahea
2843 4254 2899 4304 in

622 4341 805 4391 Abbot
843 4338 1061 4406 Roger’a
1096 4339 1227 4388 time
1255 4339 1765 4400 (1222-1244)——see
1802 4337 1903 4386 No.
1933 4338 2036 4388 352
2062 4355 2076 4397 3
2111 4336 2216 4386 and
2241 4353 2274 4386 a
2296 4336 2446 4387 third
2479 4336 2525 4387 ia
2549 4341 2661 4387 met
2687 4336 2817 4387 with
2842 4337 2895 4386 in

616 4425 710 4475 the
748 4422 938 4473 Hilton
976 4421 1135 4472 deeda
1163 4420 1462 4486 (preserved
1495 4424 1555 4471 at
1588 4419 1682 4471 the
1720 4417 1980 4486 Friarage,
2008 4417 2195 4482 Yarm)
2223 4418 2365 4470 cited
2389 4419 2573 4483 above,
2599 4420 2706 4470 and
2730 4418 2898 4486 living

619 4508 673 4558 in
697 4507 791 4558 the
818 4505 1006 4556 earlier
1030 4509 1152 4570 part
1177 4504 1232 4554 οἱ
1255 4505 1350 4554 the
1375 4502 1681 4555 fourteenth
1711 4506 1952 4567 century.

684 4587 708 4621 ³
742 4588 880 4638 Now
903 4586 1202 4651 Roseberry
1227 4585 1483 4652 Topping.
1557 4584 1789 4635 Fui-ther
1811 4584 1987 4635 notice
2011 4584 2066 4634 of
2100 4582 2193 4634 the
2219 4584 2431 4635 various
2456 4583 2621 4635 forma
2653 4582 2900 4635 assumed

613 4673 685 4738 by
712 4671 821 4722 this
846 4669 980 4720 local
1004 4685 1157 4720 name
1183 4668 1292 4719 will
1319 4668 1384 4718 be
1408 4668 1565 4735 given
1591 4671 1649 4717 at
1675 4683 1706 4716 a
1729 4665 2055 4732 subsequent
2078 4683 2226 4733 page.
