3254 5140
779 641 1325 693 CARTULARIUM
1362 641 1662 693 ABBATH
1672 641 1769 692 1AE
1807 642 1905 694 DE
1940 642 2310 695 WHITEBY.
2555 634 2678 691 535

406 803 651 869 habent
681 826 761 869 ex
794 805 1140 870 donatione
1170 805 1486 870 Willelmi
1516 805 1595 870 de
1641 807 1846 890 Percy
1875 811 1940 870 et
1968 807 2168 871 Alani
2209 808 2288 872 de
2329 809 2531 891 Percy
2563 807 2685 870 filii

406 904 565 986 ejuS,
616 910 682 968 et
739 904 1098 968 redditione
1157 909 1223 968 et
1281 905 1690 969 concessione
1748 906 1904 969 D'ni
1961 906 2298 983 Johannis‚
2357 905 2681 990 quondam

408 1003 602 1087 Regis
661 1004 935 1088 Angliae‚
984 1004 1187 1086 patris
1246 1004 1469 1080 nostri,
1520 1008 1586 1067 et
1646 1005 2126 1096 confirmatione
2183 1010 2418 1081 nostra,
2469 1024 2681 1068 coram

406 1102 451 1166 J
456 1104 640 1167 ustio.
672 1104 909 1167 nostris
954 1103 1104 1165 Itin.
1137 1102 1219 1167 ad
1261 1103 1501 1186 placita
1533 1104 1788 1168 forestae
1831 1104 1901 1166 in
1944 1104 2235 1186 partibus
2264 1104 2414 1181 illis,
2443 1110 2508 1167 et
2550 1124 2680 1166 non

405 1201 581 1279 alibi,
610 1202 779 1266 sicut
808 1202 1099 1265 viridarii
1143 1202 1396 1265 forestae
1439 1209 1673 1266 nostrae
1716 1202 2086 1286 hujusmodi
2129 1203 2570 1287 responsiones
2614 1209 2682 1267 et

406 1300 930 1381 praesentationes
975 1301 1180 1365 facere
1217 1300 1451 1364 debent
1481 1305 1547 1365 et
1569 1308 2057 1366 consueverunt.
2146 1303 2234 1366 Et
2262 1303 2318 1367 si
2349 1302 2682 1386 contingat

405 1398 656 1482 aliquos
722 1398 1100 1464 forinsecos¹
1160 1400 1275 1483 qui
1334 1420 1465 1462 non
1528 1399 1664 1464 sint
1728 1400 1807 1465 de
1870 1400 2166 1465 libertate
2231 1401 2679 1485 praedictorum

405 1496 678 1562 Abbatis
730 1506 797 1563 et
855 1500 1052 1563 ConV.
1107 1499 1673 1582 transgressionem
1725 1500 1930 1564 facere
1982 1500 2061 1564 de
2111 1501 2452 1565 venatione
2508 1500 2680 1564 infra

406 1603 611 1661 metas
636 1598 887 1662 forestae
916 1597 1127 1681 praed„
1149 1618 1310 1681 quos
1338 1597 1532 1680 praed.
1556 1598 1841 1662 viridarii
1871 1599 2221 1664 attachiare
2250 1621 2380 1663 non
2409 1600 2676 1683 possint,

403 1694 705 1760 volumus
750 1703 817 1760 et
860 1697 1287 1772 concedimus,
1317 1715 1430 1779 pro
1461 1696 1647 1760 nobis
1677 1703 1743 1760 et
1774 1697 1921 1762 haer.
1953 1698 2207 1775 nostri8‚
2236 1699 2408 1782 quod
2451 1698 2674 1781 hujus-

404 1794 580 1857 modi
611 1802 1100 1880 transgressores
1124 1816 1239 1878 per
1258 1796 1304 1860 J
1308 1785 1665 1859 usticiarios
1690 1797 1968 1861 Forestae
1989 1804 2222 1861 nostrae
2252 1797 2422 1861 ultra
2443 1798 2675 1861 Trente

403 1893 839 1959 attachientur
890 1896 973 1958 ad
1030 1894 1590 1978 praesentationem
1642 1894 1895 1960 viridar.
1946 1896 2395 1979 praedictorum
2446 1895 2529 1960 ad
2578 1917 2675 1960 re-

400 1992 850 2075 spondendum
920 1992 1074 2056 inde
1147 2013 1359 2057 coram
1430 1993 1475 2056 J
1479 1993 1662 2056 ustie.
1737 1993 1972 2057 nostris
2047 1993 2200 2058 Itin.
2274 1994 2356 2057 ad
2435 1993 2676 2077 placita

403 2092 681 2156 Forestae
732 2099 967 2157 nostrae
1015 2092 1087 2156 in
1139 2091 1428 2175 partibus
1486 2091 1636 2168 illis,
1687 2111 1835 2155 cum
1885 2091 2039 2158 ibid.
2091 2092 2174 2155 ad
2230 2092 2671 2176 placitandum

400 2193 714 2268 venerint,
755 2198 949 2276 prout
995 2191 1348 2256 secundum
1395 2191 1664 2254 assisam
1709 2197 1776 2255 et
1820 2192 2348 2256 consuetudinem
2396 2192 2672 2255 Forestae

401 2296 638 2354 nostrae
694 2291 892 2355 fuerit
951 2291 1336 2366 faciendum,
1395 2290 1574 2354 salva
1621 2290 1807 2355 nobis
1866 2298 1933 2355 et
1990 2290 2140 2355 haer.
2184 2291 2420 2355 nostris
2465 2292 2669 2354 omni-

403 2390 594 2454 moda
623 2390 1026 2455 forisfactura
1057 2391 1135 2454 de
1164 2390 1776 2473 transgressionibus
1815 2390 2214 2474 supradictis.
2305 2391 2457 2454 Hiis
2487 2391 2670 2454 testi-

404 2490 540 2553 bus
616 2490 988 2555 Venerabili
1018 2497 1219 2574 patre,
1248 2490 1457 2566 Petro,
1481 2489 1814 2554 Hereford.
1839 2490 2012 2575 Ep’o.
2088 2491 2332 2576 Rogero
2361 2490 2422 2554 le
2447 2489 2670 2574 Bigod,

405 2590 578 2655 Com.
628 2591 694 2654 N
696 2591 828 2655 orff.
878 2597 946 2655 et
991 2590 1375 2657 Marescallo
1424 2590 1697 2675 Anglioe.
1757 2590 2065 2675 Philippo
2120 2592 2365 2668 Basset,
2430 2593 2476 2657 J
2480 2592 2663 2657 ustic.

403 2697 622 2754 nostro
680 2689 953 2773 Angliae.
1070 2690 1348 2773 Hugone
1412 2689 1476 2754 le
1549 2689 1793 2774 Bygod.
1910 2692 1955 2756 J
1960 2690 2213 2756 ohanne
2286 2690 2670 2766 Maunselle,

404 2789 704 2854 Thesaur.
746 2789 934 2855 Ebor.
1026 2789 1303 2853 Roberto
1347 2788 1754 2853 Waleraund.
1843 2789 2173 2854 Willelmo
2219 2790 2298 2855 de
2336 2790 2666 2854 Wintona.

404 2888 698 2951 Galfrido
742 2888 821 2952 de
862 2886 1135 2971 Langel'.
1224 2886 1517 2952 Ebulone
1547 2888 1626 2952 de
1657 2888 2032 2952 Montibus:
2076 2895 2143 2953 et
2172 2889 2330 2953 aliis.
2421 2889 2668 2952 Datum

401 3009 519 3072 per
564 3008 827 3051 manum
876 2995 1162 3052 nostram
1212 2988 1386 3070 apud
1430 2988 1698 3052 Westm.
1753 2989 1998 3052 decimo
2051 2990 2153 3053 die
2198 2988 2441 3065 Martii,
2484 2989 2576 3051 Αο
2619 3009 2664 3051 r.

404 3088 609 3152 nostri
654 3087 1135 3171 quadragesimo
1183 3087 1459 3169 septimo
1494 3086 1742 3169 [1263].
1831 3087 1968 3151 Nos
2011 3093 2248 3164 autem,
2290 3087 2668 3151 donationes

404 3194 471 3251 et
504 3187 1017 3252 confirmationes
1046 3186 1237 3270 praed.
1268 3191 1439 3250 ratas
1478 3186 1791 3250 habentes
1835 3190 1899 3248 et
1943 3191 2173 3269 gratas,
2203 3207 2309 3250 eas
2339 3207 2454 3270 pro
2485 3186 2670 3249 nobis

404 3294 473 3352 et
515 3286 662 3351 haer.
693 3286 948 3362 nostris,
978 3290 1295 3368 quantum
1336 3285 1408 3348 in
1437 3285 1621 3348 nobis
1653 3289 1770 3360 est,
1799 3285 2084 3367 praefatis
2112 3284 2358 3348 Abbati
2389 3291 2454 3348 et
2484 3305 2672 3362 mon„

404 3392 471 3450 et
499 3406 719 3450 eorum
751 3406 937 3462 succ„
966 3383 1374 3449 concedimus
1420 3390 1486 3448 et
1529 3384 1693 3448 conf.
1727 3383 1899 3448 sicut
1928 3390 2119 3448 cartae
2157 3383 2348 3469 praed.
2394 3383 2670 3448 rationa-

404 3484 620 3548 biliter
647 3490 988 3550 testantur.
1076 3483 1227 3547 Hiis
1258 3482 1553 3548 testibus,
1643 3482 2017 3546 Venerabili
2060 3490 2259 3566 patre,
2302 3482 2669 3566 W[altero]‚

409 3584 707 3648 Coventr.
740 3587 805 3646 et
835 3581 1028 3666 Lych.
1060 3582 1395 3666 Episcopo,
1469 3581 1749 3645 Radulfo
1779 3580 1914 3646 filio
1944 3581 2279 3647 Willelmi.
2338 3580 2671 3645 Willelmo

406 3683 468 3747 le
514 3683 811 3746 Latimer.
899 3681 1229 3745 Willelmo
1273 3681 1335 3744 le
1377 3681 1721 3746 Vavessur.
1810 3682 1854 3746 J
1858 3681 2111 3746 ohanne
2156 3681 2234 3745 de
2267 3681 2670 3746 Crumbwell.

409 3781 695 3846 Henrico
748 3780 1094 3865 Spizarnel.
1199 3780 1486 3843 Henrico
1537 3779 1598 3843 le
1653 3780 1867 3864 Scrop.
1974 3779 2317 3844 Edmundo
2370 3781 2449 3843 de
2495 3780 2674 3844 Malo

407 3880 570 3956 lacu,
624 3877 985 3943 Senescallo
1038 3877 1330 3961 Hospitii
1379 3878 1599 3942 nostri.
1711 3878 1994 3942 Henrico
2055 3878 2134 3943 de
2193 3878 2537 3961 Appelby:
2609 3885 2675 3942 et

406 3980 568 4043 aliis,
658 3978 906 4042 Datum
948 3997 1062 4060 per
1090 3997 1358 4040 manum
1390 3982 1675 4041 nostram
1705 3978 1880 4060 apud
1919 3978 2101 4042 Ebor.
2134 3977 2256 4041 vii⁰
2300 3977 2403 4040 die
2448 3976 2674 4041 Martii

407 4078 655 4163 [1312].
746 4078 870 4140 Per
898 4076 1094 4140 finem
1124 4097 1215 4139 xx
1244 4076 1569 4141 librarum.

556 4261 1010 4326 DLXXXIII.
1058 4260 1405 4344 [CHARTER
1435 4262 1672 4338 Roas,
1707 4267 1902 4325 21-24
1940 4262 2152 4327 HENR.
2183 4278 2268 4327 vr.
2300 4284 2382 4329 m.
2421 4265 2545 4348 18.]

495 4390 656 4465 Rex,
705 4385 1246 4470 Archiepiscopis,
1311 4393 1449 4463 etc„
1529 4386 1822 4450 salutem.
1943 4387 2359 4470 Inspeximus
2429 4388 2681 4454 litteras

406 4494 657 4551 nostras
699 4491 996 4570 patentes
1042 4506 1250 4569 nuper
1290 4486 1492 4550 factas
1530 4486 1599 4549 in
1630 4486 1766 4550 haec
1796 4487 1991 4551 verba
2013 4487 2457 4566 2—HenricuS,
2489 4490 2567 4555 D.
2601 4491 2681 4554 G.

1433 4597 1734 4659 sorincecos.
