<?xml version="1.0" encoding="UTF-8"?>
<!DOCTYPE html PUBLIC "-//W3C//DTD XHTML 1.0 Transitional//EN"
    "http://www.w3.org/TR/xhtml1/DTD/xhtml1-transitional.dtd">
<html xmlns="http://www.w3.org/1999/xhtml" xml:lang="en" lang="en">
 <head>
  <title>
</title>
<meta http-equiv="Content-Type" content="text/html;charset=utf-8" />
  <meta name='ocr-system' content='tesseract 3.04.00' />
  <meta name='ocr-capabilities' content='ocr_page ocr_carea ocr_par ocr_line ocrx_word'/>
</head>
<body>
  <div class='ocr_page' id='page_1' title='image "./cartulariumabba02atkigoog_0413.png"; bbox 0 0 3254 5140; ppageno 0'>
   <div class='ocr_carea' id='block_1_1' title="bbox 711 575 2618 638">
    <p class='ocr_par' dir='ltr' id='par_1_1' title="bbox 711 575 2618 638">
     <span class='ocr_line' id='line_1_1' title="bbox 711 575 2618 638; baseline -0.002 -3"><span class='ocrx_word' id='word_1_1' title='bbox 711 583 1258 636; x_wconf 75' lang='lat' dir='ltr'>CARTULARIUM</span> <span class='ocrx_word' id='word_1_2' title='bbox 1297 583 1704 636; x_wconf 79' lang='lat' dir='ltr'>ABBATHIAE</span> <span class='ocrx_word' id='word_1_3' title='bbox 1742 585 1838 636; x_wconf 77' lang='lat' dir='ltr'><strong>DE</strong></span> <span class='ocrx_word' id='word_1_4' title='bbox 1875 585 2248 638; x_wconf 84' lang='lat' dir='ltr'><strong>WHITEBY.</strong></span> <span class='ocrx_word' id='word_1_5' title='bbox 2496 575 2618 633; x_wconf 77' lang='lat'><strong>753</strong></span> 
     </span>
    </p>
   </div>
   <div class='ocr_carea' id='block_1_2' title="bbox 337 748 2624 1724">
    <p class='ocr_par' dir='ltr' id='par_1_2' title="bbox 337 748 2624 1724">
     <span class='ocr_line' id='line_1_2' title="bbox 337 748 2620 835; baseline 0 -22"><span class='ocrx_word' id='word_1_6' title='bbox 337 748 732 815; x_wconf 86' lang='lat' dir='ltr'><strong>decimarum</strong></span> <span class='ocrx_word' id='word_1_7' title='bbox 761 749 929 813; x_wconf 84' lang='lat' dir='ltr'><strong>lanae</strong></span> <span class='ocrx_word' id='word_1_8' title='bbox 959 754 1025 813; x_wconf 93' lang='lat' dir='ltr'><strong>et</strong></span> <span class='ocrx_word' id='word_1_9' title='bbox 1055 769 1365 833; x_wconf 81' lang='lat' dir='ltr'><strong>agnorum</strong></span> <span class='ocrx_word' id='word_1_10' title='bbox 1395 750 1602 816; x_wconf 82' lang='lat' dir='ltr'><strong>totius</strong></span> <span class='ocrx_word' id='word_1_11' title='bbox 1647 748 1900 834; x_wconf 80' lang='lat' dir='ltr'>paroch.</span> <span class='ocrx_word' id='word_1_12' title='bbox 1947 749 2028 814; x_wconf 92' lang='lat' dir='ltr'><strong>de</strong></span> <span class='ocrx_word' id='word_1_13' title='bbox 2073 750 2385 816; x_wconf 82' lang='lat' dir='ltr'><strong>Haeknes</strong></span> <span class='ocrx_word' id='word_1_14' title='bbox 2428 750 2620 835; x_wconf 85' lang='lat' dir='ltr'><strong>praed.</strong></span> 
     </span>
     <span class='ocr_line' id='line_1_3' title="bbox 337 848 2622 935; baseline 0.001 -23"><span class='ocrx_word' id='word_1_15' title='bbox 337 868 467 932; x_wconf 87' lang='lat' dir='ltr'><strong>per.</strong></span> <span class='ocrx_word' id='word_1_16' title='bbox 520 869 595 926; x_wconf 68' lang='lat' dir='ltr'><strong>a„</strong></span> <span class='ocrx_word' id='word_1_17' title='bbox 639 849 733 913; x_wconf 84' lang='lat' dir='ltr'><strong>sic</strong></span> <span class='ocrx_word' id='word_1_18' title='bbox 777 848 1020 913; x_wconf 75' lang='lat' dir='ltr'><strong>dimise.</strong></span> <span class='ocrx_word' id='word_1_19' title='bbox 1070 849 1224 913; x_wconf 87' lang='lat' dir='ltr'><strong>Rob.</strong></span> <span class='ocrx_word' id='word_1_20' title='bbox 1271 849 1638 915; x_wconf 83' lang='lat' dir='ltr'><strong>Thurstone</strong></span> <span class='ocrx_word' id='word_1_21' title='bbox 1681 870 1797 934; x_wconf 90' lang='lat' dir='ltr'><strong>per</strong></span> <span class='ocrx_word' id='word_1_22' title='bbox 1839 849 2084 914; x_wconf 89' lang='lat' dir='ltr'><strong>indent.</strong></span> <span class='ocrx_word' id='word_1_23' title='bbox 2115 851 2237 915; x_wconf 82' lang='lat' dir='ltr'><strong>sub</strong></span> <span class='ocrx_word' id='word_1_24' title='bbox 2266 851 2377 935; x_wconf 83' lang='lat' dir='ltr'><strong>sig.</strong></span> <span class='ocrx_word' id='word_1_25' title='bbox 2412 850 2622 915; x_wconf 81' lang='lat' dir='ltr'><strong>Curiae</strong></span> 
     </span>
     <span class='ocr_line' id='line_1_4' title="bbox 337 947 2620 1032; baseline 0.002 -23"><span class='ocrx_word' id='word_1_26' title='bbox 337 948 683 1031; x_wconf 86' lang='lat' dir='ltr'><strong>Augment.</strong></span> <span class='ocrx_word' id='word_1_27' title='bbox 717 948 952 1012; x_wconf 87' lang='lat' dir='ltr'><strong>Reven.</strong></span> <span class='ocrx_word' id='word_1_28' title='bbox 1000 967 1248 1011; x_wconf 75' lang='lat' dir='ltr'><strong>coronae</strong></span> <span class='ocrx_word' id='word_1_29' title='bbox 1290 947 1422 1011; x_wconf 91' lang='lat' dir='ltr'><strong>d’ni</strong></span> <span class='ocrx_word' id='word_1_30' title='bbox 1467 948 1661 1032; x_wconf 85' lang='lat' dir='ltr'><strong>Regis</strong></span> <span class='ocrx_word' id='word_1_31' title='bbox 1708 947 1835 1012; x_wconf 87' lang='lat' dir='ltr'><strong>dat.</strong></span> <span class='ocrx_word' id='word_1_32' title='bbox 1869 948 2076 1031; x_wconf 88' lang='lat' dir='ltr'><strong>primo</strong></span> <span class='ocrx_word' id='word_1_33' title='bbox 2119 949 2223 1013; x_wconf 88' lang='lat' dir='ltr'><strong>die</strong></span> <span class='ocrx_word' id='word_1_34' title='bbox 2253 950 2443 1013; x_wconf 86' lang='lat' dir='ltr'><strong>Mart.</strong></span> <span class='ocrx_word' id='word_1_35' title='bbox 2475 971 2527 1013; x_wconf 71' lang='lat' dir='ltr'><strong>a„</strong></span> <span class='ocrx_word' id='word_1_36' title='bbox 2573 970 2620 1012; x_wconf 89' lang='lat' dir='ltr'><strong>r.</strong></span> 
     </span>
     <span class='ocr_line' id='line_1_5' title="bbox 339 1045 2620 1130; baseline 0.001 -22"><span class='ocrx_word' id='word_1_37' title='bbox 339 1045 474 1108; x_wconf 91' lang='lat' dir='ltr'><strong>d’ni</strong></span> <span class='ocrx_word' id='word_1_38' title='bbox 519 1045 714 1130; x_wconf 83' lang='lat' dir='ltr'><strong>Regis</strong></span> <span class='ocrx_word' id='word_1_39' title='bbox 765 1046 964 1109; x_wconf 91' lang='lat' dir='ltr'><strong>Henr.</strong></span> <span class='ocrx_word' id='word_1_40' title='bbox 1011 1061 1149 1109; x_wconf 79' lang='lat' dir='ltr'><strong>v111.</strong></span> <span class='ocrx_word' id='word_1_41' title='bbox 1206 1046 1457 1124; x_wconf 67' lang='lat' dir='ltr'><strong>xxxim,</strong></span> <span class='ocrx_word' id='word_1_42' title='bbox 1505 1067 1620 1130; x_wconf 86' lang='lat' dir='ltr'><strong>pro</strong></span> <span class='ocrx_word' id='word_1_43' title='bbox 1664 1052 1845 1111; x_wconf 87' lang='lat' dir='ltr'><strong>term.</strong></span> <span class='ocrx_word' id='word_1_44' title='bbox 1894 1047 2011 1110; x_wconf 83' lang='lat' dir='ltr'><strong>xxi</strong></span> <span class='ocrx_word' id='word_1_45' title='bbox 2054 1067 2220 1124; x_wconf 72' lang='lat' dir='ltr'><strong>ann„</strong></span> <span class='ocrx_word' id='word_1_46' title='bbox 2252 1048 2405 1112; x_wconf 83' lang='lat' dir='ltr'><strong>solv.</strong></span> <span class='ocrx_word' id='word_1_47' title='bbox 2452 1048 2535 1113; x_wconf 88' lang='lat' dir='ltr'><strong>ad</strong></span> <span class='ocrx_word' id='word_1_48' title='bbox 2578 1048 2620 1111; x_wconf 87' lang='lat' dir='ltr'><strong>f.</strong></span> 
     </span>
     <span class='ocr_line' id='line_1_6' title="bbox 339 1143 2620 1231; baseline 0.002 -24"><span class='ocrx_word' id='word_1_49' title='bbox 339 1145 633 1208; x_wconf 86' lang='lat' dir='ltr'><strong>Annunt.</strong></span> <span class='ocrx_word' id='word_1_50' title='bbox 667 1145 737 1207; x_wconf 91' lang='lat' dir='ltr'><strong>B.</strong></span> <span class='ocrx_word' id='word_1_51' title='bbox 772 1144 864 1208; x_wconf 91' lang='lat' dir='ltr'><strong>M.</strong></span> <span class='ocrx_word' id='word_1_52' title='bbox 897 1144 975 1208; x_wconf 91' lang='lat' dir='ltr'><strong>V.</strong></span> <span class='ocrx_word' id='word_1_53' title='bbox 1009 1150 1076 1209; x_wconf 93' lang='lat' dir='ltr'><strong>et</strong></span> <span class='ocrx_word' id='word_1_54' title='bbox 1121 1144 1181 1209; x_wconf 88' lang='lat' dir='ltr'><strong>S.</strong></span> <span class='ocrx_word' id='word_1_55' title='bbox 1214 1144 1412 1210; x_wconf 86' lang='lat' dir='ltr'><strong>Mich.</strong></span> <span class='ocrx_word' id='word_1_56' title='bbox 1461 1143 1653 1209; x_wconf 86' lang='lat' dir='ltr'><strong>Aroh.</strong></span> <span class='ocrx_word' id='word_1_57' title='bbox 1701 1146 2070 1229; x_wconf 67' lang='lat' dir='ltr'><strong>aequaliter:</strong></span> <span class='ocrx_word' id='word_1_58' title='bbox 2117 1151 2184 1210; x_wconf 89' lang='lat' dir='ltr'><strong>et</strong></span> <span class='ocrx_word' id='word_1_59' title='bbox 2227 1147 2307 1211; x_wconf 93' lang='lat' dir='ltr'><strong>de</strong></span> <span class='ocrx_word' id='word_1_60' title='bbox 2352 1167 2387 1211; x_wconf 83' lang='lat' dir='ltr'><strong>e</strong></span> <span class='ocrx_word' id='word_1_61' title='bbox 2405 1168 2451 1211; x_wconf 76' lang='lat' dir='ltr'><strong>e.</strong></span> <span class='ocrx_word' id='word_1_62' title='bbox 2485 1146 2620 1231; x_wconf 90' lang='lat' dir='ltr'><strong>[de]</strong></span> 
     </span>
     <span class='ocr_line' id='line_1_7' title="bbox 339 1242 2620 1327; baseline 0.002 -21"><span class='ocrx_word' id='word_1_63' title='bbox 339 1244 526 1307; x_wconf 89' lang='lat' dir='ltr'><strong>firma</strong></span> <span class='ocrx_word' id='word_1_64' title='bbox 572 1242 893 1327; x_wconf 84' lang='lat' dir='ltr'><strong>Altaragii</strong></span> <span class='ocrx_word' id='word_1_65' title='bbox 938 1264 1087 1308; x_wconf 83' lang='lat' dir='ltr'><strong>cum</strong></span> <span class='ocrx_word' id='word_1_66' title='bbox 1132 1264 1301 1308; x_wconf 89' lang='lat' dir='ltr'><strong>omn.</strong></span> <span class='ocrx_word' id='word_1_67' title='bbox 1348 1244 1492 1308; x_wconf 84' lang='lat' dir='ltr'><strong>aliis</strong></span> <span class='ocrx_word' id='word_1_68' title='bbox 1525 1244 1795 1309; x_wconf 82' lang='lat' dir='ltr'><strong>decimis</strong></span> <span class='ocrx_word' id='word_1_69' title='bbox 1839 1245 2111 1310; x_wconf 82' lang='lat' dir='ltr'><strong>minutis</strong></span> <span class='ocrx_word' id='word_1_70' title='bbox 2142 1251 2208 1310; x_wconf 84' lang='lat' dir='ltr'><strong>et</strong></span> <span class='ocrx_word' id='word_1_71' title='bbox 2246 1245 2440 1310; x_wconf 87' lang='lat' dir='ltr'><strong>oblat.</strong></span> <span class='ocrx_word' id='word_1_72' title='bbox 2471 1245 2620 1310; x_wconf 82' lang='lat' dir='ltr'><strong>ecel.</strong></span> 
     </span>
     <span class='ocr_line' id='line_1_8' title="bbox 342 1341 2621 1427; baseline 0.001 -23"><span class='ocrx_word' id='word_1_73' title='bbox 342 1341 424 1405; x_wconf 87' lang='lat' dir='ltr'><strong>de</strong></span> <span class='ocrx_word' id='word_1_74' title='bbox 455 1341 744 1418; x_wconf 76' lang='lat' dir='ltr'><strong>HakneS,</strong></span> <span class='ocrx_word' id='word_1_75' title='bbox 776 1342 868 1405; x_wconf 83' lang='lat' dir='ltr'><strong>sie</strong></span> <span class='ocrx_word' id='word_1_76' title='bbox 899 1341 1049 1404; x_wconf 89' lang='lat' dir='ltr'><strong>dim.</strong></span> <span class='ocrx_word' id='word_1_77' title='bbox 1082 1344 1126 1404; x_wconf 86' lang='lat' dir='ltr'><strong>J</strong></span> <span class='ocrx_word' id='word_1_78' title='bbox 1128 1342 1225 1406; x_wconf 88' lang='lat' dir='ltr'><strong>oh.</strong></span> <span class='ocrx_word' id='word_1_79' title='bbox 1258 1341 1566 1426; x_wconf 87' lang='lat' dir='ltr'><strong>Appleby</strong></span> <span class='ocrx_word' id='word_1_80' title='bbox 1596 1363 1713 1426; x_wconf 90' lang='lat' dir='ltr'><strong>per</strong></span> <span class='ocrx_word' id='word_1_81' title='bbox 1741 1343 2066 1407; x_wconf 78' lang='lat' dir='ltr'><strong>indentur.</strong></span> <span class='ocrx_word' id='word_1_82' title='bbox 2099 1344 2220 1408; x_wconf 84' lang='lat' dir='ltr'><strong>sub</strong></span> <span class='ocrx_word' id='word_1_83' title='bbox 2249 1343 2360 1427; x_wconf 87' lang='lat' dir='ltr'><strong>sig.</strong></span> <span class='ocrx_word' id='word_1_84' title='bbox 2394 1363 2621 1407; x_wconf 88' lang='lat' dir='ltr'><strong>comm.</strong></span> 
     </span>
     <span class='ocr_line' id='line_1_9' title="bbox 342 1440 2620 1526; baseline 0.001 -23"><span class='ocrx_word' id='word_1_85' title='bbox 342 1441 504 1504; x_wconf 86' lang='lat' dir='ltr'><strong>dieti</strong></span> <span class='ocrx_word' id='word_1_86' title='bbox 548 1460 757 1523; x_wconf 87' lang='lat' dir='ltr'>nuper</span> <span class='ocrx_word' id='word_1_87' title='bbox 789 1440 1015 1504; x_wconf 85' lang='lat' dir='ltr'><strong>Mon’ii</strong></span> <span class='ocrx_word' id='word_1_88' title='bbox 1045 1441 1172 1505; x_wconf 90' lang='lat' dir='ltr'><strong>dat.</strong></span> <span class='ocrx_word' id='word_1_89' title='bbox 1204 1441 1397 1505; x_wconf 84' lang='lat' dir='ltr'><strong>tertio</strong></span> <span class='ocrx_word' id='word_1_90' title='bbox 1427 1440 1534 1505; x_wconf 91' lang='lat' dir='ltr'><strong>die</strong></span> <span class='ocrx_word' id='word_1_91' title='bbox 1565 1443 1610 1507; x_wconf 85' lang='lat' dir='ltr'><strong>J</strong></span> <span class='ocrx_word' id='word_1_92' title='bbox 1614 1441 1865 1506; x_wconf 81' lang='lat' dir='ltr'><strong>anuarii</strong></span> <span class='ocrx_word' id='word_1_93' title='bbox 1912 1462 2082 1507; x_wconf 90' lang='lat' dir='ltr'><strong>anno</strong></span> <span class='ocrx_word' id='word_1_94' title='bbox 2111 1464 2156 1506; x_wconf 91' lang='lat' dir='ltr'><strong>r.</strong></span> <span class='ocrx_word' id='word_1_95' title='bbox 2191 1443 2384 1526; x_wconf 82' lang='lat' dir='ltr'><strong>Regis</strong></span> <span class='ocrx_word' id='word_1_96' title='bbox 2426 1441 2620 1526; x_wconf 87' lang='lat' dir='ltr'><strong>praed.</strong></span> 
     </span>
     <span class='ocr_line' id='line_1_10' title="bbox 342 1540 2621 1626; baseline 0.001 -25"><span class='ocrx_word' id='word_1_97' title='bbox 342 1546 554 1602; x_wconf 65' lang='lat' dir='ltr'>xxxm</span> <span class='ocrx_word' id='word_1_98' title='bbox 583 1559 697 1623; x_wconf 91' lang='lat' dir='ltr'><strong>pro</strong></span> <span class='ocrx_word' id='word_1_99' title='bbox 726 1545 906 1603; x_wconf 85' lang='lat' dir='ltr'><strong>term.</strong></span> <span class='ocrx_word' id='word_1_100' title='bbox 939 1540 1056 1603; x_wconf 82' lang='lat' dir='ltr'><strong>xxi</strong></span> <span class='ocrx_word' id='word_1_101' title='bbox 1100 1560 1434 1617; x_wconf 89' lang='lat' dir='ltr'><strong>annorum,</strong></span> <span class='ocrx_word' id='word_1_102' title='bbox 1466 1540 1622 1605; x_wconf 80' lang='lat' dir='ltr'><strong>solv.</strong></span> <span class='ocrx_word' id='word_1_103' title='bbox 1656 1540 1737 1605; x_wconf 91' lang='lat' dir='ltr'><strong>ad</strong></span> <span class='ocrx_word' id='word_1_104' title='bbox 1767 1541 1808 1604; x_wconf 87' lang='lat' dir='ltr'><strong>f.</strong></span> <span class='ocrx_word' id='word_1_105' title='bbox 1843 1542 1901 1605; x_wconf 90' lang='lat' dir='ltr'><strong>S.</strong></span> <span class='ocrx_word' id='word_1_106' title='bbox 1941 1542 2148 1606; x_wconf 83' lang='lat' dir='ltr'><strong>Marci</strong></span> <span class='ocrx_word' id='word_1_107' title='bbox 2191 1541 2621 1626; x_wconf 82' lang='lat' dir='ltr'><strong>Evangelistae</strong></span> 
     </span>
     <span class='ocr_line' id='line_1_11' title="bbox 341 1637 2624 1724; baseline 0 -23"><span class='ocrx_word' id='word_1_108' title='bbox 341 1644 409 1702; x_wconf 89' lang='lat' dir='ltr'><strong>et</strong></span> <span class='ocrx_word' id='word_1_109' title='bbox 468 1637 528 1702; x_wconf 88' lang='lat' dir='ltr'><strong>S.</strong></span> <span class='ocrx_word' id='word_1_110' title='bbox 591 1638 788 1702; x_wconf 83' lang='lat' dir='ltr'><strong>Mich.</strong></span> <span class='ocrx_word' id='word_1_111' title='bbox 848 1637 1042 1702; x_wconf 87' lang='lat' dir='ltr'><strong>Arch.</strong></span> <span class='ocrx_word' id='word_1_112' title='bbox 1106 1639 1475 1722; x_wconf 73' lang='lat' dir='ltr'><strong>aequaliter:</strong></span> <span class='ocrx_word' id='word_1_113' title='bbox 1551 1647 1618 1704; x_wconf 80' lang='lat' dir='ltr'><strong>et.</strong></span> <span class='ocrx_word' id='word_1_114' title='bbox 1675 1640 1848 1704; x_wconf 90' lang='lat' dir='ltr'><strong>idem</strong></span> <span class='ocrx_word' id='word_1_115' title='bbox 1923 1641 2240 1705; x_wconf 83' lang='lat' dir='ltr'><strong>firmarius</strong></span> <span class='ocrx_word' id='word_1_116' title='bbox 2313 1640 2624 1724; x_wconf 84' lang='lat' dir='ltr'><strong>persolvit</strong></span> 
     </span>
    </p>
   </div>
   <div class='ocr_carea' id='block_1_3' title="bbox 343 1736 2624 1916">
    <p class='ocr_par' dir='ltr' id='par_1_3' title="bbox 343 1736 2624 1916">
     <span class='ocr_line' id='line_1_12' title="bbox 343 1736 2624 1821; baseline 0.001 -22"><span class='ocrx_word' id='word_1_117' title='bbox 343 1736 647 1800; x_wconf 83' lang='lat' dir='ltr'><strong>salarium</strong></span> <span class='ocrx_word' id='word_1_118' title='bbox 678 1738 886 1801; x_wconf 83' lang='lat' dir='ltr'><strong>curati</strong></span> <span class='ocrx_word' id='word_1_119' title='bbox 916 1737 1064 1801; x_wconf 80' lang='lat' dir='ltr'><strong>eccl.</strong></span> <span class='ocrx_word' id='word_1_120' title='bbox 1099 1738 1289 1821; x_wconf 85' lang='lat' dir='ltr'><strong>praed.</strong></span> <span class='ocrx_word' id='word_1_121' title='bbox 1339 1746 1405 1803; x_wconf 90' lang='lat' dir='ltr'><strong>et</strong></span> <span class='ocrx_word' id='word_1_122' title='bbox 1448 1739 1667 1803; x_wconf 84' lang='lat' dir='ltr'><strong>omnia</strong></span> <span class='ocrx_word' id='word_1_123' title='bbox 1711 1739 1840 1803; x_wconf 89' lang='lat' dir='ltr'><strong>alia</strong></span> <span class='ocrx_word' id='word_1_124' title='bbox 1884 1760 2078 1804; x_wconf 89' lang='lat' dir='ltr'><strong>onera</strong></span> <span class='ocrx_word' id='word_1_125' title='bbox 2119 1747 2252 1804; x_wconf 88' lang='lat' dir='ltr'><strong>tam</strong></span> <span class='ocrx_word' id='word_1_126' title='bbox 2300 1739 2624 1804; x_wconf 86' lang='lat' dir='ltr'><strong>ordinaria</strong></span> 
     </span>
     <span class='ocr_line' id='line_1_13' title="bbox 344 1834 1090 1916; baseline 0.001 -18"><span class='ocrx_word' id='word_1_127' title='bbox 344 1854 541 1916; x_wconf 88' lang='lat' dir='ltr'><strong>quam</strong></span> <span class='ocrx_word' id='word_1_128' title='bbox 571 1834 1090 1899; x_wconf 71' lang='lat' dir='ltr'><strong>extraordinaria„</strong></span> 
     </span>
    </p>
   </div>
   <div class='ocr_carea' id='block_1_4' title="bbox 954 1947 2020 2013">
    <p class='ocr_par' dir='ltr' id='par_1_4' title="bbox 954 1947 2020 2013">
     <span class='ocr_line' id='line_1_14' title="bbox 954 1947 2020 2013; baseline 0 -1"><span class='ocrx_word' id='word_1_129' title='bbox 954 1947 1222 2013; x_wconf 89' lang='lat' dir='ltr'><strong>Summa</strong></span> <span class='ocrx_word' id='word_1_130' title='bbox 1251 1948 1388 2012; x_wconf 82' lang='lat' dir='ltr'><strong>xxii</strong></span> <span class='ocrx_word' id='word_1_131' title='bbox 1407 1948 1471 2012; x_wconf 87' lang='lat' dir='ltr'><strong>li.</strong></span> <span class='ocrx_word' id='word_1_132' title='bbox 1505 1950 1618 2013; x_wconf 87' lang='lat' dir='ltr'><strong>xvi</strong></span> <span class='ocrx_word' id='word_1_133' title='bbox 1642 1969 1688 2013; x_wconf 86' lang='lat' dir='ltr'><strong>s.</strong></span> <span class='ocrx_word' id='word_1_134' title='bbox 1720 1949 1814 2012; x_wconf 82' lang='lat' dir='ltr'><strong>vii</strong></span> <span class='ocrx_word' id='word_1_135' title='bbox 1833 1948 1890 2012; x_wconf 88' lang='lat' dir='ltr'><strong>d.</strong></span> <span class='ocrx_word' id='word_1_136' title='bbox 1924 1949 2020 2013; x_wconf 91' lang='lat' dir='ltr'><strong>ob.</strong></span> 
     </span>
    </p>
   </div>
   <div class='ocr_carea' id='block_1_5' title="bbox 519 2134 1187 2293">
    <p class='ocr_par' dir='ltr' id='par_1_5' title="bbox 519 2134 1187 2293">
     <span class='ocr_line' id='line_1_15' title="bbox 519 2134 1070 2199; baseline 0.005 -3"><span class='ocrx_word' id='word_1_137' title='bbox 519 2134 851 2197; x_wconf 70' lang='lat' dir='ltr'><strong>Vennmo</strong></span> <span class='ocrx_word' id='word_1_138' title='bbox 882 2150 1070 2199; x_wconf 78' lang='lat' dir='ltr'>Bosc1</span> 
     </span>
     <span class='ocr_line' id='line_1_16' title="bbox 519 2220 1187 2293; baseline 0.006 -11"><span class='ocrx_word' id='word_1_139' title='bbox 519 2220 923 2293; x_wconf 72' lang='lat' dir='ltr'><strong>PERQUISITA</strong></span> <span class='ocrx_word' id='word_1_140' title='bbox 956 2222 1187 2286; x_wconf 76' lang='lat' dir='ltr'><strong>CmuAE</strong></span> 
     </span>
    </p>
   </div>
   <div class='ocr_carea' id='block_1_6' title="bbox 693 2331 2270 2419">
    <p class='ocr_par' dir='ltr' id='par_1_6' title="bbox 693 2331 2270 2419">
     <span class='ocr_line' id='line_1_17' title="bbox 693 2331 2270 2419; baseline 0.001 -23"><span class='ocrx_word' id='word_1_141' title='bbox 693 2331 959 2396; x_wconf 87' lang='lat' dir='ltr'><strong>Summa</strong></span> <span class='ocrx_word' id='word_1_142' title='bbox 987 2333 1206 2398; x_wconf 86' lang='lat' dir='ltr'><strong>totalis</strong></span> <span class='ocrx_word' id='word_1_143' title='bbox 1230 2335 1490 2419; x_wconf 85' lang='lat' dir='ltr'><strong>Recept.</strong></span> <span class='ocrx_word' id='word_1_144' title='bbox 1521 2336 1727 2400; x_wconf 83' lang='lat' dir='ltr'>iiii¹¹x</span> <span class='ocrx_word' id='word_1_145' title='bbox 1752 2335 1816 2399; x_wconf 86' lang='lat' dir='ltr'><strong>li.</strong></span> <span class='ocrx_word' id='word_1_146' title='bbox 1850 2357 1890 2399; x_wconf 84' lang='lat' dir='ltr'><strong>x</strong></span> <span class='ocrx_word' id='word_1_147' title='bbox 1917 2356 1962 2399; x_wconf 82' lang='lat' dir='ltr'><strong>s.</strong></span> <span class='ocrx_word' id='word_1_148' title='bbox 1995 2335 2065 2399; x_wconf 88' lang='lat' dir='ltr'><strong>vi</strong></span> <span class='ocrx_word' id='word_1_149' title='bbox 2083 2336 2140 2400; x_wconf 97' lang='lat' dir='ltr'><strong>d.</strong></span> <span class='ocrx_word' id='word_1_150' title='bbox 2173 2337 2270 2399; x_wconf 90' lang='lat' dir='ltr'><strong>ob.</strong></span> 
     </span>
    </p>
   </div>
   <div class='ocr_carea' id='block_1_7' title="bbox 1212 2135 2316 2309">
    <p class='ocr_par' dir='ltr' id='par_1_7' title="bbox 1212 2135 2316 2309">
     <span class='ocr_line' id='line_1_18' title="bbox 1212 2135 2316 2309; baseline -0.001 -65"><span class='ocrx_word' id='word_1_151' title='bbox 1212 2135 1256 2309; x_wconf 75' lang='lat'>}</span> <span class='ocrx_word' id='word_1_152' title='bbox 1299 2179 1397 2264; x_wconf 77' lang='lat' dir='ltr'><strong>[ut</strong></span> <span class='ocrx_word' id='word_1_153' title='bbox 1424 2179 1665 2265; x_wconf 70' lang='lat' dir='ltr'><strong>supra}</strong></span> <span class='ocrx_word' id='word_1_154' title='bbox 1758 2180 2027 2245; x_wconf 88' lang='lat' dir='ltr'><strong>Summa</strong></span> <span class='ocrx_word' id='word_1_155' title='bbox 2055 2178 2316 2244; x_wconf 86' lang='lat' dir='ltr'><strong>nullius.</strong></span> 
     </span>
    </p>
   </div>
   <div class='ocr_carea' id='block_1_8' title="bbox 685 2518 2298 2586">
    <p class='ocr_par' dir='ltr' id='par_1_8' title="bbox 685 2518 2298 2586">
     <span class='ocr_line' id='line_1_19' title="bbox 685 2518 2298 2586; baseline -0.001 -1"><span class='ocrx_word' id='word_1_156' title='bbox 685 2519 986 2586; x_wconf 74' lang='lat' dir='ltr'><strong>STIPEND.</strong></span> <span class='ocrx_word' id='word_1_157' title='bbox 1019 2518 1309 2586; x_wconf 79' lang='lat' dir='ltr'><strong>COMPUT.</strong></span> <span class='ocrx_word' id='word_1_158' title='bbox 1342 2536 1481 2586; x_wconf 79' lang='lat' dir='ltr'><strong>CUM</strong></span> <span class='ocrx_word' id='word_1_159' title='bbox 1512 2536 1829 2585; x_wconf 81' lang='lat' dir='ltr'><strong>EXPENSIS</strong></span> <span class='ocrx_word' id='word_1_160' title='bbox 1860 2535 2298 2585; x_wconf 75' lang='lat' dir='ltr'><strong>NECESSARIIS.</strong></span> 
     </span>
    </p>
   </div>
   <div class='ocr_carea' id='block_1_9' title="bbox 346 2645 2616 2829">
    <p class='ocr_par' dir='ltr' id='par_1_9' title="bbox 346 2645 2616 2829">
     <span class='ocr_line' id='line_1_20' title="bbox 432 2645 2616 2730; baseline 0 -21"><span class='ocrx_word' id='word_1_161' title='bbox 432 2645 614 2710; x_wconf 84' lang='lat' dir='ltr'><strong>Idem</strong></span> <span class='ocrx_word' id='word_1_162' title='bbox 646 2651 924 2730; x_wconf 87' lang='lat' dir='ltr'><strong>eomput.</strong></span> <span class='ocrx_word' id='word_1_163' title='bbox 958 2645 1028 2709; x_wconf 88' lang='lat' dir='ltr'><strong>in</strong></span> <span class='ocrx_word' id='word_1_164' title='bbox 1058 2645 1203 2729; x_wconf 86' lang='lat' dir='ltr'><strong>stip.</strong></span> <span class='ocrx_word' id='word_1_165' title='bbox 1237 2645 1442 2729; x_wconf 84' lang='lat' dir='ltr'><strong>ipsius</strong></span> <span class='ocrx_word' id='word_1_166' title='bbox 1473 2666 1681 2729; x_wconf 83' lang='lat' dir='ltr'><strong>comp.</strong></span> <span class='ocrx_word' id='word_1_167' title='bbox 1706 2645 1847 2711; x_wconf 80' lang='lat' dir='ltr'><strong>coll.</strong></span> <span class='ocrx_word' id='word_1_168' title='bbox 1879 2646 2049 2711; x_wconf 87' lang='lat' dir='ltr'><strong>redd.</strong></span> <span class='ocrx_word' id='word_1_169' title='bbox 2083 2651 2149 2710; x_wconf 89' lang='lat' dir='ltr'><strong>et</strong></span> <span class='ocrx_word' id='word_1_170' title='bbox 2179 2647 2503 2710; x_wconf 81' lang='lat' dir='ltr'><strong>firmarum</strong></span> <span class='ocrx_word' id='word_1_171' title='bbox 2535 2647 2616 2710; x_wconf 91' lang='lat' dir='ltr'><strong>ib.</strong></span> 
     </span>
     <span class='ocr_line' id='line_1_21' title="bbox 346 2744 1252 2829; baseline 0.001 -24"><span class='ocrx_word' id='word_1_172' title='bbox 346 2744 415 2805; x_wconf 85' lang='lat' dir='ltr'><strong>xi</strong></span> <span class='ocrx_word' id='word_1_173' title='bbox 438 2745 502 2808; x_wconf 85' lang='lat' dir='ltr'><strong>li.</strong></span> <span class='ocrx_word' id='word_1_174' title='bbox 535 2745 649 2808; x_wconf 83' lang='lat' dir='ltr'><strong>xvi</strong></span> <span class='ocrx_word' id='word_1_175' title='bbox 667 2765 711 2809; x_wconf 80' lang='lat' dir='ltr'><strong>s.</strong></span> <span class='ocrx_word' id='word_1_176' title='bbox 748 2745 893 2829; x_wconf 79' lang='lat' dir='ltr'><strong>[etc.,</strong></span> <span class='ocrx_word' id='word_1_177' title='bbox 921 2752 990 2808; x_wconf 77' lang='lat' dir='ltr'><strong>ut</strong></span> <span class='ocrx_word' id='word_1_178' title='bbox 1018 2744 1252 2828; x_wconf 70' lang='lat' dir='ltr'><strong>supra}</strong></span> 
     </span>
    </p>
   </div>
   <div class='ocr_carea' id='block_1_10' title="bbox 821 2933 2138 2997">
    <p class='ocr_par' dir='ltr' id='par_1_10' title="bbox 821 2933 2138 2997">
     <span class='ocr_line' id='line_1_22' title="bbox 821 2933 2138 2997; baseline 0 -1"><span class='ocrx_word' id='word_1_179' title='bbox 821 2933 1127 2996; x_wconf 70' lang='lat' dir='ltr'><strong>LmuRAT.</strong></span> <span class='ocrx_word' id='word_1_180' title='bbox 1161 2949 1242 2995; x_wconf 80' lang='lat' dir='ltr'><strong>m·</strong></span> <span class='ocrx_word' id='word_1_181' title='bbox 1271 2933 1651 2997; x_wconf 76' lang='lat' dir='ltr'><strong>EXONERAT.</strong></span> <span class='ocrx_word' id='word_1_182' title='bbox 1684 2947 2138 2996; x_wconf 66' lang='lat' dir='ltr'><strong>nummolum.</strong></span> 
     </span>
    </p>
   </div>
   <div class='ocr_carea' id='block_1_11' title="bbox 430 3054 2372 3230">
    <p class='ocr_par' dir='ltr' id='par_1_11' title="bbox 430 3054 2372 3230">
     <span class='ocr_line' id='line_1_23' title="bbox 430 3054 2372 3139; baseline -0.001 -21"><span class='ocrx_word' id='word_1_183' title='bbox 430 3055 517 3119; x_wconf 88' lang='lat' dir='ltr'><strong>Et</strong></span> <span class='ocrx_word' id='word_1_184' title='bbox 546 3054 616 3118; x_wconf 90' lang='lat' dir='ltr'><strong>in</strong></span> <span class='ocrx_word' id='word_1_185' title='bbox 646 3054 857 3119; x_wconf 82' lang='lat' dir='ltr'><strong>denar.</strong></span> <span class='ocrx_word' id='word_1_186' title='bbox 889 3054 1134 3118; x_wconf 86' lang='lat' dir='ltr'><strong>liberat.</strong></span> <span class='ocrx_word' id='word_1_187' title='bbox 1168 3054 1499 3118; x_wconf 90' lang='lat' dir='ltr'><strong>Leonardo</strong></span> <span class='ocrx_word' id='word_1_188' title='bbox 1530 3054 1831 3119; x_wconf 84' lang='lat' dir='ltr'><strong>Bekwith</strong></span> <span class='ocrx_word' id='word_1_189' title='bbox 1868 3055 2015 3139; x_wconf 73' lang='lat' dir='ltr'><strong>[etc.,</strong></span> <span class='ocrx_word' id='word_1_190' title='bbox 2044 3061 2111 3116; x_wconf 76' lang='lat' dir='ltr'><strong>ut</strong></span> <span class='ocrx_word' id='word_1_191' title='bbox 2138 3055 2372 3137; x_wconf 72' lang='lat' dir='ltr'><strong>supra}</strong></span> 
     </span>
     <span class='ocr_line' id='line_1_24' title="bbox 1059 3165 1914 3230; baseline -0.004 0"><span class='ocrx_word' id='word_1_192' title='bbox 1059 3167 1328 3230; x_wconf 89' lang='lat' dir='ltr'><strong>Summa</strong></span> <span class='ocrx_word' id='word_1_193' title='bbox 1356 3165 1450 3228; x_wconf 85' lang='lat' dir='ltr'><strong>vii</strong></span> <span class='ocrx_word' id='word_1_194' title='bbox 1473 3166 1539 3228; x_wconf 90' lang='lat' dir='ltr'><strong>li.</strong></span> <span class='ocrx_word' id='word_1_195' title='bbox 1570 3166 1667 3229; x_wconf 86' lang='lat' dir='ltr'><strong>vii</strong></span> <span class='ocrx_word' id='word_1_196' title='bbox 1689 3186 1734 3230; x_wconf 84' lang='lat' dir='ltr'><strong>s.</strong></span> <span class='ocrx_word' id='word_1_197' title='bbox 1768 3166 1838 3228; x_wconf 86' lang='lat' dir='ltr'><strong>xi</strong></span> <span class='ocrx_word' id='word_1_198' title='bbox 1857 3165 1914 3228; x_wconf 92' lang='lat' dir='ltr'><strong>d.</strong></span> 
     </span>
    </p>
   </div>
   <div class='ocr_carea' id='block_1_12' title="bbox 341 3286 2655 3578">
    <p class='ocr_par' dir='ltr' id='par_1_12' title="bbox 341 3286 2655 3578">
     <span class='ocr_line' id='line_1_25' title="bbox 431 3286 2626 3373; baseline -0.001 -19"><span class='ocrx_word' id='word_1_199' title='bbox 431 3291 517 3354; x_wconf 91' lang='lat' dir='ltr'><strong>Et</strong></span> <span class='ocrx_word' id='word_1_200' title='bbox 561 3310 730 3355; x_wconf 89' lang='lat' dir='ltr'><strong>oner.</strong></span> <span class='ocrx_word' id='word_1_201' title='bbox 766 3290 838 3353; x_wconf 89' lang='lat' dir='ltr'><strong>in</strong></span> <span class='ocrx_word' id='word_1_202' title='bbox 875 3309 1080 3372; x_wconf 86' lang='lat' dir='ltr'><strong>comp.</strong></span> <span class='ocrx_word' id='word_1_203' title='bbox 1116 3288 1406 3371; x_wconf 88' lang='lat' dir='ltr'><strong>ejusdem</strong></span> <span class='ocrx_word' id='word_1_204' title='bbox 1452 3288 1711 3372; x_wconf 86' lang='lat' dir='ltr'><strong>Reoept.</strong></span> <span class='ocrx_word' id='word_1_205' title='bbox 1753 3293 1830 3352; x_wconf 90' lang='lat' dir='ltr'><strong>ut</strong></span> <span class='ocrx_word' id='word_1_206' title='bbox 1871 3309 1989 3373; x_wconf 90' lang='lat' dir='ltr'><strong>pro</strong></span> <span class='ocrx_word' id='word_1_207' title='bbox 2032 3293 2217 3352; x_wconf 81' lang='lat' dir='ltr'><strong>tanto</strong></span> <span class='ocrx_word' id='word_1_208' title='bbox 2255 3286 2467 3352; x_wconf 84' lang='lat' dir='ltr'><strong>denar.</strong></span> <span class='ocrx_word' id='word_1_209' title='bbox 2512 3310 2626 3373; x_wconf 89' lang='lat' dir='ltr'><strong>per</strong></span> 
     </span>
     <span class='ocr_line' id='line_1_26' title="bbox 343 3385 2622 3472; baseline -0 -21"><span class='ocrx_word' id='word_1_210' title='bbox 343 3410 550 3472; x_wconf 86' lang='lat' dir='ltr'><strong>nuper</strong></span> <span class='ocrx_word' id='word_1_211' title='bbox 578 3387 906 3453; x_wconf 88' lang='lat' dir='ltr'><strong>Abbatem</strong></span> <span class='ocrx_word' id='word_1_212' title='bbox 935 3394 1003 3452; x_wconf 87' lang='lat' dir='ltr'><strong>et</strong></span> <span class='ocrx_word' id='word_1_213' title='bbox 1033 3388 1231 3452; x_wconf 83' lang='lat' dir='ltr'><strong>Conv.</strong></span> <span class='ocrx_word' id='word_1_214' title='bbox 1265 3386 1424 3451; x_wconf 76' lang='lat' dir='ltr'><strong>dicti</strong></span> <span class='ocrx_word' id='word_1_215' title='bbox 1453 3407 1662 3471; x_wconf 89' lang='lat' dir='ltr'><strong>nuper</strong></span> <span class='ocrx_word' id='word_1_216' title='bbox 1690 3386 1923 3452; x_wconf 88' lang='lat' dir='ltr'><strong>Mon&#39;ii</strong></span> <span class='ocrx_word' id='word_1_217' title='bbox 1953 3391 2105 3451; x_wconf 88' lang='lat' dir='ltr'><strong>ante</strong></span> <span class='ocrx_word' id='word_1_218' title='bbox 2135 3385 2622 3452; x_wconf 80' lang='lat' dir='ltr'><strong>dissolutionem</strong></span> 
     </span>
     <span class='ocr_line' id='line_1_27' title="bbox 341 3484 2655 3578; baseline -0.001 -26"><span class='ocrx_word' id='word_1_219' title='bbox 341 3490 494 3554; x_wconf 88' lang='lat' dir='ltr'><strong>inde</strong></span> <span class='ocrx_word' id='word_1_220' title='bbox 522 3508 644 3553; x_wconf 85' lang='lat' dir='ltr'><strong>ree.</strong></span> <span class='ocrx_word' id='word_1_221' title='bbox 678 3488 756 3553; x_wconf 94' lang='lat' dir='ltr'><strong>de</strong></span> <span class='ocrx_word' id='word_1_222' title='bbox 801 3487 976 3552; x_wconf 89' lang='lat' dir='ltr'><strong>redd.</strong></span> <span class='ocrx_word' id='word_1_223' title='bbox 1024 3494 1091 3551; x_wconf 89' lang='lat' dir='ltr'><strong>et</strong></span> <span class='ocrx_word' id='word_1_224' title='bbox 1134 3487 1292 3551; x_wconf 91' lang='lat' dir='ltr'><strong>firm.</strong></span> <span class='ocrx_word' id='word_1_225' title='bbox 1331 3484 1569 3551; x_wconf 81' lang='lat' dir='ltr'><strong>debitis</strong></span> <span class='ocrx_word' id='word_1_226' title='bbox 1614 3487 1696 3550; x_wconf 86' lang='lat' dir='ltr'><strong>ad</strong></span> <span class='ocrx_word' id='word_1_227' title='bbox 1740 3486 1782 3551; x_wconf 84' lang='lat' dir='ltr'><strong>f.</strong></span> <span class='ocrx_word' id='word_1_228' title='bbox 1829 3487 1890 3551; x_wconf 91' lang='lat' dir='ltr'><strong>S.</strong></span> <span class='ocrx_word' id='word_1_229' title='bbox 1938 3485 2213 3550; x_wconf 88' lang='lat' dir='ltr'><strong>Martini</strong></span> <span class='ocrx_word' id='word_1_230' title='bbox 2258 3485 2329 3548; x_wconf 91' lang='lat' dir='ltr'><strong>in</strong></span> <span class='ocrx_word' id='word_1_231' title='bbox 2359 3485 2419 3548; x_wconf 92' lang='lat' dir='ltr'><strong>h.</strong></span> <span class='ocrx_word' id='word_1_232' title='bbox 2452 3486 2655 3578; x_wconf 49' lang='lat' dir='ltr'><strong>infra-</strong></span> 
     </span>
    </p>
   </div>
   <div class='ocr_carea' id='block_1_13' title="bbox 340 3586 1819 3673">
    <p class='ocr_par' dir='ltr' id='par_1_13' title="bbox 340 3586 1819 3673">
     <span class='ocr_line' id='line_1_28' title="bbox 340 3586 1819 3673; baseline -0.001 -21"><span class='ocrx_word' id='word_1_233' title='bbox 340 3594 599 3673; x_wconf 84' lang='lat' dir='ltr'><strong>tempus</strong></span> <span class='ocrx_word' id='word_1_234' title='bbox 629 3587 823 3671; x_wconf 86' lang='lat' dir='ltr'><strong>hujus</strong></span> <span class='ocrx_word' id='word_1_235' title='bbox 854 3586 1137 3671; x_wconf 83' lang='lat' dir='ltr'><strong>compoti</strong></span> <span class='ocrx_word' id='word_1_236' title='bbox 1168 3587 1400 3651; x_wconf 83' lang='lat' dir='ltr'><strong>xxxvii</strong></span> <span class='ocrx_word' id='word_1_237' title='bbox 1417 3586 1483 3650; x_wconf 86' lang='lat' dir='ltr'><strong>li.</strong></span> <span class='ocrx_word' id='word_1_238' title='bbox 1514 3586 1609 3650; x_wconf 85' lang='lat' dir='ltr'><strong>vii</strong></span> <span class='ocrx_word' id='word_1_239' title='bbox 1629 3586 1687 3650; x_wconf 97' lang='lat' dir='ltr'><strong>d.</strong></span> <span class='ocrx_word' id='word_1_240' title='bbox 1720 3588 1819 3652; x_wconf 92' lang='lat' dir='ltr'><strong>ob.</strong></span> 
     </span>
    </p>
   </div>
   <div class='ocr_carea' id='block_1_14' title="bbox 516 3796 2628 4078">
    <p class='ocr_par' dir='ltr' id='par_1_14' title="bbox 516 3796 2628 4078">
     <span class='ocr_line' id='line_1_29' title="bbox 516 3796 2343 3882; baseline 0.001 -20"><span class='ocrx_word' id='word_1_241' title='bbox 516 3800 603 3863; x_wconf 88' lang='lat' dir='ltr'><strong>Et</strong></span> <span class='ocrx_word' id='word_1_242' title='bbox 632 3799 701 3862; x_wconf 89' lang='lat' dir='ltr'><strong>in</strong></span> <span class='ocrx_word' id='word_1_243' title='bbox 730 3798 939 3863; x_wconf 86' lang='lat' dir='ltr'><strong>Alloe.</strong></span> <span class='ocrx_word' id='word_1_244' title='bbox 971 3804 1037 3863; x_wconf 93' lang='lat' dir='ltr'><strong>et</strong></span> <span class='ocrx_word' id='word_1_245' title='bbox 1066 3799 1340 3862; x_wconf 78' lang='lat' dir='ltr'><strong>Liberat.</strong></span> <span class='ocrx_word' id='word_1_246' title='bbox 1371 3799 1564 3882; x_wconf 85' lang='lat' dir='ltr'><strong>praed.</strong></span> <span class='ocrx_word' id='word_1_247' title='bbox 1597 3799 1799 3863; x_wconf 65' lang='lat' dir='ltr'><strong>ffiinx</strong></span> <span class='ocrx_word' id='word_1_248' title='bbox 1820 3799 1886 3865; x_wconf 81' lang='lat' dir='ltr'><strong>li.</strong></span> <span class='ocrx_word' id='word_1_249' title='bbox 1920 3821 1961 3863; x_wconf 86' lang='lat' dir='ltr'><strong>x</strong></span> <span class='ocrx_word' id='word_1_250' title='bbox 1983 3820 2029 3863; x_wconf 82' lang='lat' dir='ltr'><strong>e.</strong></span> <span class='ocrx_word' id='word_1_251' title='bbox 2061 3797 2212 3862; x_wconf 83' lang='lat' dir='ltr'><strong>vid.</strong></span> <span class='ocrx_word' id='word_1_252' title='bbox 2244 3796 2343 3863; x_wconf 90' lang='lat' dir='ltr'><strong>ob.</strong></span> 
     </span>
     <span class='ocr_line' id='line_1_30' title="bbox 519 3894 2628 3982; baseline 0.001 -21"><span class='ocrx_word' id='word_1_253' title='bbox 519 3899 789 3961; x_wconf 86' lang='lat' dir='ltr'><strong>Summa</strong></span> <span class='ocrx_word' id='word_1_254' title='bbox 875 3895 1221 3979; x_wconf 75' lang='lat' dir='ltr'><strong>coaequalis</strong></span> <span class='ocrx_word' id='word_1_255' title='bbox 1295 3903 1395 3960; x_wconf 88' lang='lat' dir='ltr'><strong>est</strong></span> <span class='ocrx_word' id='word_1_256' title='bbox 1468 3917 1617 3960; x_wconf 85' lang='lat' dir='ltr'><strong>eum</strong></span> <span class='ocrx_word' id='word_1_257' title='bbox 1708 3917 1961 3962; x_wconf 80' lang='lat' dir='ltr'><strong>summa</strong></span> <span class='ocrx_word' id='word_1_258' title='bbox 2040 3894 2262 3961; x_wconf 73' lang='lat' dir='ltr'><strong>tutans</strong></span> <span class='ocrx_word' id='word_1_259' title='bbox 2330 3895 2628 3982; x_wconf 84' lang='lat' dir='ltr'><strong>Receptae</strong></span> 
     </span>
     <span class='ocr_line' id='line_1_31' title="bbox 643 4014 961 4078; baseline 0.006 -21"><span class='ocrx_word' id='word_1_260' title='bbox 643 4014 961 4078; x_wconf 58' lang='lat' dir='ltr'><strong>superque.</strong></span> 
     </span>
    </p>
   </div>
   <div class='ocr_carea' id='block_1_15' title="bbox 484 4180 2512 4248">
    <p class='ocr_par' dir='ltr' id='par_1_15' title="bbox 484 4180 2512 4248">
     <span class='ocr_line' id='line_1_32' title="bbox 484 4180 2512 4248; baseline 0.001 -2"><span class='ocrx_word' id='word_1_261' title='bbox 484 4184 769 4246; x_wconf 76' lang='lat' dir='ltr'>DIVERSI</span> <span class='ocrx_word' id='word_1_262' title='bbox 800 4196 1176 4244; x_wconf 74' lang='lat' dir='ltr'><strong>HAMELETTI</strong></span> <span class='ocrx_word' id='word_1_263' title='bbox 1208 4196 1354 4244; x_wconf 78' lang='lat' dir='ltr'>SIVE</span> <span class='ocrx_word' id='word_1_264' title='bbox 1384 4197 1614 4245; x_wconf 78' lang='lat' dir='ltr'>PARVAE</span> <span class='ocrx_word' id='word_1_265' title='bbox 1649 4197 1971 4248; x_wconf 77' lang='lat' dir='ltr'>VILLATUS</span> <span class='ocrx_word' id='word_1_266' title='bbox 2002 4199 2076 4247; x_wconf 80' lang='lat' dir='ltr'><strong>IN</strong></span> <span class='ocrx_word' id='word_1_267' title='bbox 2110 4181 2278 4246; x_wconf 80' lang='lat' dir='ltr'><strong>OOM.</strong></span> <span class='ocrx_word' id='word_1_268' title='bbox 2310 4180 2512 4248; x_wconf 79' lang='lat' dir='ltr'><strong>EBOR.</strong></span> 
     </span>
    </p>
   </div>
   <div class='ocr_carea' id='block_1_16' title="bbox 343 4315 2635 4602">
    <p class='ocr_par' dir='ltr' id='par_1_16' title="bbox 343 4315 2635 4602">
     <span class='ocr_line' id='line_1_33' title="bbox 434 4315 2628 4403; baseline 0.001 -19"><span class='ocrx_word' id='word_1_269' title='bbox 434 4321 792 4403; x_wconf 85' lang='lat' dir='ltr'><strong>Computus</strong></span> <span class='ocrx_word' id='word_1_270' title='bbox 820 4317 1001 4382; x_wconf 90' lang='lat' dir='ltr'><strong>Will.</strong></span> <span class='ocrx_word' id='word_1_271' title='bbox 1033 4316 1285 4394; x_wconf 87' lang='lat' dir='ltr'><strong>Davell‚</strong></span> <span class='ocrx_word' id='word_1_272' title='bbox 1316 4318 1580 4399; x_wconf 81' lang='lat' dir='ltr'><strong>Collect.</strong></span> <span class='ocrx_word' id='word_1_273' title='bbox 1611 4319 1786 4385; x_wconf 85' lang='lat' dir='ltr'><strong>redd.</strong></span> <span class='ocrx_word' id='word_1_274' title='bbox 1819 4326 1885 4385; x_wconf 89' lang='lat' dir='ltr'><strong>et</strong></span> <span class='ocrx_word' id='word_1_275' title='bbox 1928 4320 2090 4384; x_wconf 88' lang='lat' dir='ltr'><strong>firm.</strong></span> <span class='ocrx_word' id='word_1_276' title='bbox 2125 4315 2259 4380; x_wconf 84' lang='grc' dir='ltr'><strong>(1ἠί</strong></span> <span class='ocrx_word' id='word_1_277' title='bbox 2304 4316 2499 4403; x_wconf 86' lang='lat' dir='ltr'><strong>Regis</strong></span> <span class='ocrx_word' id='word_1_278' title='bbox 2545 4322 2628 4386; x_wconf 90' lang='lat' dir='ltr'><strong>ib.</strong></span> 
     </span>
     <span class='ocr_line' id='line_1_34' title="bbox 343 4417 966 4504; baseline -0.003 -22"><span class='ocrx_word' id='word_1_279' title='bbox 343 4440 458 4504; x_wconf 87' lang='lat' dir='ltr'><strong>per</strong></span> <span class='ocrx_word' id='word_1_280' title='bbox 488 4426 745 4500; x_wconf 87' lang='lat' dir='ltr'><strong>tempus</strong></span> <span class='ocrx_word' id='word_1_281' title='bbox 776 4417 966 4501; x_wconf 76' lang='lat' dir='ltr'><strong>praed.</strong></span> 
     </span>
     <span class='ocr_line' id='line_1_35' title="bbox 434 4515 2635 4602; baseline -0.001 -22"><span class='ocrx_word' id='word_1_282' title='bbox 434 4515 1154 4592; x_wconf 48' lang='lat' dir='ltr'><strong>Auamma—Nulla,</strong></span> <span class='ocrx_word' id='word_1_283' title='bbox 1184 4516 1337 4599; x_wconf 89' lang='lat' dir='ltr'><strong>quia</strong></span> <span class='ocrx_word' id='word_1_284' title='bbox 1367 4519 1611 4601; x_wconf 87' lang='lat' dir='ltr'><strong>primus</strong></span> <span class='ocrx_word' id='word_1_285' title='bbox 1644 4524 2000 4602; x_wconf 83' lang='lat' dir='ltr'><strong>computus.</strong></span> <span class='ocrx_word' id='word_1_286' title='bbox 2081 4516 2345 4579; x_wconf 84' lang='lat' dir='ltr'><strong>Summa</strong></span> <span class='ocrx_word' id='word_1_287' title='bbox 2369 4516 2635 4580; x_wconf 86' lang='lat' dir='ltr'><strong>nullius.</strong></span> 
     </span>
    </p>
   </div>
  </div>
 </body>
</html>
