3254 5140
589 591 712 649 632
942 600 1486 654 CARTULARIUM
1524 599 1934 651 ABBATHIAE
1966 601 2064 651 DE
2099 598 2483 651 WHITEBY.

586 770 824 830 tentus
917 765 1267 830 Silentium
1297 765 1592 829 observet
1629 764 1891 848 jugiter,
1914 764 2108 848 juxta
2137 764 2423 848 regulam
2453 765 2555 828 sui
2599 763 2867 838 ordiniS,

583 865 742 930 locis
773 871 840 931 et
868 865 1267 949 temporibus
1297 864 1650 948 oportunis,
1739 864 2016 928 Litteras
2044 863 2151 928 vel
2181 864 2488 927 nuntium
2515 884 2633 947 per
2660 885 2728 928 se
2759 864 2869 927 vel

589 986 704 1050 per
751 965 954 1028 alium
1004 984 1138 1029 non
1188 964 1464 1040 emittat,
1512 982 1634 1027 nec
1687 963 1995 1027 emissum
2045 963 2315 1045 recipiat
2369 983 2409 1026 a
2458 983 2869 1046 quocunque.

589 1064 774 1127 Nulli
818 1063 1110 1128 saeculari
1152 1063 1458 1146 loquatur
1491 1062 1620 1126 nisi
1667 1083 1879 1126 coram
1911 1062 2321 1138 Praesidente,
2364 1070 2433 1126 et
2461 1082 2869 1145 quaecunque

587 1164 876 1247 loquitur
905 1164 1225 1229 audiente.
1316 1163 1513 1245 Septa
1551 1161 1935 1226 Monasterii
1979 1182 2111 1224 non
2156 1168 2344 1226 exeat
2387 1161 2617 1244 quovis
2657 1161 2867 1225 modo,

591 1263 750 1327 Haec
795 1264 1013 1327 omnia
1056 1268 1121 1327 et
1165 1261 1419 1346 singula
1459 1261 1634 1325 dicto
1677 1261 1863 1324 fratri
1913 1260 2173 1324 Thomae
2218 1261 2287 1323 in
2336 1261 2580 1325 virtute
2624 1266 2867 1325 sanctae

588 1363 971 1426 obedientiae
1000 1362 1404 1446 injungimus
1434 1359 1851 1435 observanda,
1881 1359 2085 1424 donec
2116 1381 2155 1423 a
2184 1360 2370 1424 nobis
2400 1359 2864 1425 relaxationem

587 1463 725 1526 sive
756 1462 1228 1545 mitigationem
1272 1461 1556 1543 aliquam
1587 1480 1781 1542 super
1807 1459 1937 1523 hiis
1966 1460 2271 1524 meruerit
2315 1459 2621 1524 obtinere.
2714 1460 2870 1535 Vos,

589 1561 825 1636 Abbas,
856 1562 1043 1624 nobis
1089 1567 1406 1643 oportuno
1449 1568 1736 1643 tempore
1766 1560 2131 1624 rescribatis
2160 1560 2438 1643 qualiter
2467 1559 2639 1623 idem
2670 1560 2869 1623 frater

588 1659 864 1723 Thomas
908 1680 978 1724 se
1020 1661 1305 1744 gesserit,
1340 1665 1409 1724 et
1442 1661 1500 1724 si
1543 1660 2001 1742 poenitentiam
2043 1660 2378 1743 peregerit,
2408 1666 2523 1723 aut
2566 1680 2749 1743 agere
2793 1660 2860 1723 in

591 1758 807 1842 aliquo
839 1760 1297 1844 contempserit
1326 1764 1764 1823 memoratam.

633 1932 768 1997 DC.
818 1934 1120 2017 (Melton,
1150 1934 1190 1999 f.
1228 1934 1401 2018 235.)
1488 1935 1863 1999 Ducam-um
1896 1934 2326 1998 Montis-rann
2356 1949 2441 1997 nn
2470 1933 2819 1997 Wnrrsnr.

678 2057 1067 2136 Willelmus,
1117 2058 1540 2142 permissione
1592 2057 1856 2135 Divina,
1913 2057 2101 2124 Ebor.
2162 2058 2559 2143 Archiep’us,
2609 2057 2866 2141 Angliae

593 2158 860 2236 Primae,
905 2158 1162 2223 dilectis
1207 2159 1359 2222 filiis
1403 2157 1656 2222 Abbati
1699 2164 1767 2221 et
1804 2157 2006 2222 Conv.
2051 2158 2382 2222 Monast'ii
2411 2158 2492 2222 de
2533 2157 2872 2240 Whiteby‚

592 2264 828 2322 nostrae
881 2258 1062 2335 dioc„
1105 2258 1240 2336 sal„
1282 2279 1368 2343 gr.
1424 2264 1489 2322 et
1541 2256 2076 2322 benedictionem.
2186 2259 2286 2321 Ex
2332 2258 2628 2341 injuncta
2679 2258 2867 2321 nobis

589 2357 1028 2422 sollicitudine
1070 2358 1379 2441 pastorali
1424 2356 1727 2422 exhibere
1771 2376 1889 2420 nos
1933 2356 2253 2422 credimus
2306 2357 2688 2440 obsequium
2722 2357 2867 2421 Deo

588 2461 843 2537 gratum
873 2478 1021 2521 cum
1044 2456 1319 2520 utilitati
1349 2456 1756 2520 subditorum
1784 2461 2147 2520 nostrorum
2175 2456 2601 2540 prospicimus
2629 2456 2872 2540 pariter

590 2559 657 2619 et
707 2555 920 2620 saluti.
1019 2556 1126 2620 Ad
1173 2561 1452 2621 vestrum
1501 2557 1825 2641 siquidem
1875 2556 2194 2621 Mon'ium
2245 2557 2418 2621 xiiii⁰
2468 2556 2574 2623 die
2625 2558 2870 2623 mensis

595 2654 910 2732 Octobris,
938 2656 1013 2720 A.
1046 2657 1154 2721 Gr.
1188 2665 1405 2721 mccc⁰
1434 2657 1759 2734 vicesimo,
1789 2664 1857 2722 et
1885 2656 2123 2721 Pontis.
2154 2657 2359 2721 nostri
2401 2662 2646 2741 quarto,
2676 2678 2872 2722 causa

589 2754 985 2819 visitationis
1015 2763 1252 2821 nostrae
1274 2756 1447 2840 apud
1470 2777 1585 2821 vos
1615 2756 1990 2822 exercendae
2018 2756 2456 2840 personaliter,
2478 2757 2871 2835 accedentes,

590 2855 731 2937 ipsa
759 2855 1133 2920 visitatione
1171 2855 1295 2920 rite
1340 2856 1526 2933 facta,
1557 2863 1750 2940 prout
1795 2856 1979 2921 nobis
2023 2854 2330 2939 possibile
2362 2856 2570 2921 fuerat
2603 2877 2680 2920 ea
2707 2857 2868 2933 vice,

590 2953 888 3037 quaedam
947 2953 1189 3018 ibidem
1247 2962 1573 3038 comperta
1614 2956 1699 3019 ad
1750 2955 2113 3019 animarum
2163 2962 2520 3019 vestrarum
2571 2954 2870 3034 salutem,

592 3053 918 3137 religionis
963 3059 1400 3137 augmentum,
1430 3055 1758 3138 vestrique
1804 3055 2033 3118 Mon'ii
2075 3054 2428 3119 utilitatem
2471 3059 2866 3138 perpetuam,

594 3154 661 3216 in
709 3154 915 3218 forma
959 3154 1325 3238 subscripta
1367 3155 1674 3219 duximus
1725 3153 2150 3231 reformanda,
2207 3160 2276 3218 et
2326 3173 2403 3217 ea
2459 3153 2870 3219 decernimus

592 3275 629 3317 a
669 3254 872 3331 vobis,
902 3255 1261 3339 vestrisque
1305 3254 1778 3319 successoribus
1818 3253 2056 3318 futuris
2093 3253 2421 3337 perpetuis
2467 3253 2869 3337 temporibus

595 3355 1004 3419 observanda.

681 3454 765 3517 In
794 3454 1020 3538 primis
1060 3453 1460 3538 injungimus
1490 3459 1556 3517 et
1585 3454 1784 3518 etiam
1828 3452 2199 3517 ordinamus
2242 3452 2417 3535 quod
2445 3453 2664 3517 unitas
2708 3454 2869 3517 cari-

595 3553 768 3626 tatiS,
799 3560 864 3617 et
892 3553 1174 3617 fraterna
1204 3554 1558 3632 concordia,
1588 3554 1731 3618 sine
1777 3572 1907 3636 qua
1950 3551 2205 3615 nullum
2249 3558 2349 3616 est
2376 3551 2529 3615 vitae
2564 3553 2869 3617 meritum

595 3651 769 3735 apud
840 3653 1077 3729 Deum,
1148 3653 1319 3717 inter
1389 3673 1506 3717 vos
1580 3659 1649 3717 et
1734 3659 2025 3717 vestrum
2099 3650 2389 3735 singulos
2461 3670 2870 3735 summopere

592 3752 900 3828 foveatur,
986 3751 1266 3829 invidiae,
1352 3753 1509 3816 rixae
1603 3758 1671 3816 et
1758 3750 2191 3816 contentionis
2279 3750 2518 3815 aculeis
2603 3752 2870 3834 penitus

596 3851 890 3916 exulatis,
999 3851 1188 3927 Item,
1246 3852 1417 3935 quod
1476 3851 1798 3916 Divinum
1856 3850 2235 3935 obsequium
2285 3850 2358 3913 in
2409 3849 2697 3926 ecclesia,
2752 3870 2871 3933 pro

595 3953 906 4017 varietate
978 3959 1359 4035 temporum,
1431 3958 1751 4035 quantum
1821 3950 2170 4015 honorifice
2256 3949 2396 4014 fieri
2481 3950 2719 4034 poterit
2804 3957 2875 4014 et

597 4051 851 4128 devote,
892 4052 1086 4134 juxta
1136 4050 1465 4134 religionis
1526 4051 2019 4128 observantiam,
2076 4049 2466 4129 celebretur;
2531 4049 2874 4115 servitium

597 4151 794 4216 etiam
837 4150 917 4215 de
962 4150 1263 4227 Domin0,
1315 4155 1382 4214 et
1432 4171 1548 4235 pro
1600 4149 1892 4227 mortuis,
1942 4155 2010 4215 et
2061 4149 2118 4214 si
2170 4169 2300 4233 qua
2350 4148 2480 4214 alia
2524 4150 2666 4214 sine
2717 4155 2876 4215 nota

595 4252 918 4328 dicuntur,
955 4250 1230 4327 tractim,
1272 4249 1598 4326 distincte,
1639 4257 1706 4315 et
1749 4256 1967 4334 aperte
2012 4249 2329 4325 dicantur,
2373 4254 2439 4313 et
2480 4253 2633 4313 ante
2675 4249 2875 4314 finem

597 4370 820 4414 versus
864 4370 945 4414 ex
989 4357 1173 4434 parte
1216 4371 1350 4414 una
1389 4372 1519 4415 non
1548 4350 1824 4433 incipiat
1854 4349 2055 4415 altera
2082 4369 2341 4414 versum
2369 4368 2580 4425 suum,
2608 4354 2677 4412 et
2719 4368 2873 4411 con-

595 4447 1031 4514 travenientes
1083 4449 1442 4514 secundum
1501 4449 1789 4532 regulam
1842 4448 2141 4532 protinus
2192 4448 2607 4532 castigentur.
2699 4447 2875 4511 Item

596 4546 931 4610 silentium
1003 4547 1161 4612 locis
1229 4555 1297 4613 et
1372 4548 1771 4632 temporibus
1845 4547 2081 4612 debitis
2154 4546 2514 4612 secundum
2587 4544 2875 4630 regulam

596 4646 984 4720 observetur,
1045 4652 1366 4728 quatenus
1440 4648 1727 4712 humana
1797 4647 2114 4731 fragilitas
2184 4647 2308 4712 hoc
2382 4646 2738 4731 permittat,
2798 4654 2871 4712 et
