3254 5140
714 650 1252 704 CARTULARIUM
1291 651 1692 732 ABBATHIAE
1730 653 1826 703 DE
1861 652 2232 705 WHITEBY.
2493 641 2614 701 743

431 815 671 881 ALLoc.
722 816 1308 881 mommsen—Et
1349 815 1421 879 in
1464 816 1846 882 allocutione
1890 816 2062 882 redd.
2109 818 2244 883 sive
2289 818 2617 881 firmarum

341 913 561 978 decem
593 916 986 999 ootagiorum
1016 914 1099 979 de
1129 935 1293 979 novo
1321 915 1879 980 re-aedificatorum
1909 916 2083 1001 apud
2114 916 2347 1002 Robyn
2389 915 2618 980 Hoode

345 1014 485 1097 Bay
513 1016 809 1098 superius
841 1015 1015 1079 infra
1042 1034 1362 1079 summam
1392 1016 1544 1080 ixli.
1576 1016 1695 1079 xix
1712 1036 1757 1080 s,
1790 1016 1841 1079 ii
1859 1015 1917 1080 d.
1963 1021 2198 1080 onerat.
2247 1015 2327 1080 ad
2373 1037 2462 1079 xx
2481 1036 2619 1079 s.—

340 1113 530 1177 videL
562 1115 851 1196 quolibet
879 1135 1102 1179 eorum
1130 1114 1245 1178 iis.
1276 1135 1392 1199 per
1419 1136 1679 1179 annum.
1772 1116 1868 1180 Eo
1897 1115 2071 1199 quod
2115 1116 2341 1180 eadem
2371 1115 2620 1198 ootagia

340 1210 420 1275 de
451 1232 620 1276 novo
649 1213 1049 1278 aedifioantur
1076 1221 1144 1279 et
1173 1213 1344 1297 quod
1374 1215 1593 1278 nullus
1616 1215 1753 1280 dies
1782 1215 2122 1280 solutionis
2151 1214 2438 1280 redditus
2468 1214 2620 1278 inde

341 1316 491 1392 post
548 1311 1035 1377 aedificationem
1087 1314 1435 1378 eorundem
1505 1313 1839 1379 accidebat
1896 1319 2089 1399 prout
2146 1314 2305 1379 satis
2367 1318 2622 1378 constat

342 1408 666 1475 officiariis
688 1412 842 1475 D'ni
872 1412 1065 1497 Regis
1092 1433 1206 1497 per
1234 1414 1776 1482 examinationem
1805 1435 1998 1498 super
2027 1415 2202 1479 huno
2232 1420 2621 1499 compotum,

343 1531 430 1571 xx
449 1530 496 1573 s.
587 1510 673 1573 Et
700 1509 771 1573 in
802 1510 1179 1576 allocutione
1208 1512 1503 1577 redditus
1524 1512 1720 1577 unius
1751 1513 1985 1599 ootagii
2030 1514 2099 1577 in
2130 1513 2380 1597 Thorpe
2414 1532 2623 1595 nuper

341 1608 411 1671 in
447 1614 676 1673 tenura
720 1609 767 1673 J
770 1609 866 1673 oh.
912 1610 1308 1689 Grenehille,
1347 1632 1480 1696 cap.
1512 1632 1629 1696 pro
1669 1613 1737 1676 xi
1756 1632 1801 1676 S.
1848 1633 1963 1697 per
1993 1632 2400 1677 annum—eo
2444 1611 2619 1694 quod

341 1708 526 1772 stetit
552 1729 831 1774 vacuum
860 1730 975 1793 per
1003 1716 1216 1775 totum
1243 1716 1503 1795 tempus
1532 1711 1731 1795 hujus
1762 1713 2043 1796 compoti
2073 1713 2142 1776 xi
2162 1732 2207 1775 s.

1208 1810 1474 1874 Summa
1502 1811 1663 1874 xxxi
1681 1831 1726 1875 s.

834 1959 1137 2024 Lmnnxr.
1170 1975 1251 2023 Εἰ·
1279 1975 1641 2024 monum-r.
1674 1976 2125 2025 summonum.
2203 1993 2216 2004 ·

430 2082 517 2146 Et
573 2082 642 2146 in
702 2082 914 2147 denar.
975 2083 1222 2148 liberat.
1286 2084 1616 2150 Iaonardo
1677 2084 1980 2151 Bekwith
2040 2086 2189 2170 [etc.,
2246 2091 2319 2149 ut
2376 2084 2624 2168 supraJ,

344 2180 492 2245 xlli.
524 2181 599 2244 iii
618 2201 664 2246 s.
697 2182 766 2244 xi
784 2183 840 2246 d.
875 2182 974 2247 ob.

429 2280 516 2343 Et
545 2301 646 2345 on.
682 2280 753 2343 in
783 2301 984 2365 comp.
1017 2281 1307 2365 ejusdem
1354 2282 1724 2366 Receptoris
1767 2287 1844 2346 ut
1885 2303 2003 2367 pro
2044 2287 2205 2347 tant
2253 2281 2464 2345 denar.
2511 2301 2626 2364 per

343 2399 549 2461 nuper
576 2379 898 2443 Abbatem
927 2387 994 2444 et
1024 2380 1222 2444 Conv.
1254 2380 1414 2445 dicti
1457 2402 1667 2466 nuper
1694 2382 1924 2446 Mon’ii
1953 2389 2107 2446 ante
2136 2380 2623 2445 dissolutionem

343 2477 496 2542 inde
539 2498 659 2541 reo.
692 2478 773 2543 de
803 2479 973 2544 redd.
1008 2487 1074 2544 et
1103 2479 1305 2544 firmis
1346 2479 1483 2545 deb.
1516 2481 1596 2545 ad
1629 2481 1869 2546 festum
1899 2482 1960 2546 S.
1993 2481 2267 2545 Martini
2295 2481 2367 2544 in
2409 2478 2623 2544 hieme

343 2697 527 2740 orum
558 2678 800 2744 eisdem
837 2679 1085 2745 Abbati
1114 2686 1181 2744 et
1212 2680 1408 2746 Oonv.
1441 2686 1593 2746 ante
1637 2681 2130 2747 dissolutionem
2172 2680 2365 2766 praed.
2395 2680 2623 2745 libera-

342 2784 574 2856 torum,
604 2779 843 2843 xxixli.
875 2780 1039 2844 iiiis.
1074 2779 1220 2844 xid.
1251 2780 1353 2844 ob.

432 2877 516 2940 In
546 2884 839 2962 compoto
870 2879 1129 2962 Recept.
1221 2879 1487 2943 Summa
1514 2879 1657 2943 lxix
1676 2880 1743 2945 li.
1774 2880 1892 2944 viii
1909 2901 1957 2945 s,
1989 2881 2056 2944 ix
2076 2878 2135 2945 d.

432 2976 701 3040 Summa
727 2977 1003 3043 Allooat.
1033 2983 1100 3041 et
1129 2977 1403 3041 Liberat.
1425 2978 1616 3059 praed.
1643 2978 1785 3040 lxxi
1802 2978 1867 3042 li.
1900 2979 2016 3041 xxi
2034 2978 2092 3042 d.
2184 2977 2344 3054 Quae
2372 2996 2624 3041 summa

345 3075 687 3157 coaequalis
717 3082 817 3139 est
844 3075 928 3139 ad
956 3094 1276 3139 summam
1306 3075 1526 3138 totalis
1556 3075 1815 3156 Reoept.
1848 3075 2162 3159 superius.

451 3222 835 3287 anmum
864 3239 950 3285 ΒΕ
979 3224 1464 3300 Esssmmsms,
1496 3238 1637 3286 otm
1667 3221 1966 3285 AISLABY
1996 3239 2079 3285 m·
2110 3221 2536 3286 UGLBBARBY.

437 3344 794 3428 Computus
844 3343 1163 3409 willelmi
1202 3343 1456 3421 DaveII,
1509 3343 1886 3409 collectoris
1945 3343 2116 3408 redd.
2171 3347 2239 3407 et
2295 3343 2623 3407 firmarum

348 3443 503 3506 D'ni
533 3442 723 3526 Regis
753 3443 836 3507 ib.
866 3463 983 3527 per
1011 3449 1268 3526 tempus
1297 3442 1696 3526 praediotum.

433 3541 1157 3619 ARRRRAGm—Nulla,
1185 3541 1340 3624 quia
1367 3541 1614 3625 primus
1645 3544 2004 3624 computus.

1203 3640 1470 3705 Summa
1498 3639 1762 3703 nullius.

894 3789 1101 3854 Rnnn.
1131 3805 1213 3853 m·
1243 3804 1467 3853 rmMAE
1496 3804 1569 3852 m
1597 3789 2083 3852 Esxnmsmn

434 3910 560 3975 Sed
604 3911 816 3977 reddit
858 3933 1061 3997 comp.
1108 3913 1187 3977 de
1230 3912 1330 3976 liii
1349 3932 1393 3976 s.
1443 3911 1538 3974 iiii
1558 3911 1614 3975 d„
1650 3911 1729 3975 de
1758 3910 1943 3974 firma
1971 3909 2241 3974 manerii
2284 3910 2421 3974 sive
2451 3911 2624 3994 oapi-

346 4010 499 4075 talis
549 4012 860 4096 mesuagii
908 4032 1043 4076 voo.
1104 4010 1387 4075 Eskdale
1445 4010 1663 4087 Halle,
1721 4030 1867 4074 oum
1930 4009 2201 4074 diversis
2261 4008 2499 4074 clausis
2557 4016 2625 4074 et

345 4108 649 4192 precariis
694 4110 902 4175 eidem
945 4110 1195 4194 pertin„
1238 4129 1388 4173 cum
1431 4114 1592 4193 pert.
1622 4108 1729 4185 ib„
1758 4128 1876 4191 per
1909 4128 1965 4173 a.
1996 4107 2155 4172 solv.
2185 4106 2283 4171 ad.
2316 4107 2623 4171 terminos

348 4208 408 4272 S.
461 4208 736 4272 Martini
792 4209 865 4273 in
921 4209 984 4275 h.
1037 4215 1104 4274 et
1160 4210 1572 4272 Pentecostes
1627 4207 1980 4290 aequaliter,
2031 4207 2124 4271 sic
2174 4205 2420 4271 dimiss.
2474 4208 2626 4271 Per-

344 4305 579 4370 oivallo
624 4306 992 4372 Cookerelle
1034 4327 1149 4391 per
1190 4306 1602 4371 indenturam
1646 4306 1767 4370 sub
1811 4305 1926 4389 sig.
1961 4325 2206 4381 comm„
2235 4310 2312 4367 ut
2355 4304 2626 4369 dicitur:

347 4411 414 4468 et
457 4405 538 4470 de
580 4406 745 4469 xviii
764 4427 810 4471 s.
854 4407 975 4471 viii
994 4406 1052 4470 d.
1096 4406 1178 4470 de
1221 4427 1266 4471 r.
1304 4405 1330 4469 i
1373 4411 1501 4470 ten.
1540 4425 1675 4469 voc.
1713 4403 2084 4487 Fayrehede
2114 4409 2182 4468 et
2209 4403 2235 4466 i
2264 4402 2457 4468 olaus.
2488 4424 2625 4468 voc.

351 4505 600 4590 Bentye
647 4506 835 4571 Close
878 4507 962 4572 ib.
1006 4526 1124 4590 per
1164 4526 1218 4570 a.
1264 4505 1419 4569 solv.
1458 4511 1525 4569 et
1570 4505 1665 4569 sio
1700 4503 1940 4567 dimise.
1989 4502 2125 4566 Ric.
2172 4501 2505 4566 Harlande
2548 4501 2628 4565 de

350 4603 684 4687 Fs-yrehed
728 4626 844 4689 per
887 4626 1025 4689 oop.
1073 4605 1264 4669 curiae
1308 4611 1385 4668 ut
1429 4604 1702 4668 dicitur:
1746 4609 1812 4668 et
1856 4602 1935 4665 de
1979 4600 2080 4664 liii
2099 4620 2146 4665 s.
2192 4599 2293 4662 iiii
2311 4598 2370 4663 d.
2402 4600 2482 4664 de
2526 4621 2572 4663 r.
2605 4599 2630 4660 i
