3254 5140
782 587 1327 640 CARTULARIUM
1370 589 1777 641 ABBATHIAE
1813 590 1912 641 DE
1941 591 2307 642 WHITEBY.
2559 583 2681 639 459

402 749 622 813 decem
653 751 947 816 denarios
977 753 1249 834 singulis
1279 753 1465 816 annis
1496 753 1577 816 ad
1611 755 1810 831 Pent„
1841 762 1907 818 et
1938 756 2229 819 faciendo
2259 756 2686 840 sergantiam¹

399 847 479 910 ad
525 855 805 913 castrum
838 850 916 914 de
948 851 1311 934 Pykeryng‚
1340 859 1586 935 quanta
1629 854 1910 935 pertinet
1939 855 2021 917 ad
2052 852 2267 936 (105b)
2298 854 2679 937 praedictum

400 949 652 1011 toftum.
744 950 830 1013 Et
875 951 931 1014 si
976 952 1307 1035 contingat
1357 952 1549 1034 praed.
1597 951 2002 1016 Willelmum
2048 954 2154 1018 vel
2206 954 2352 1017 haer.
2407 974 2555 1017 suos
2611 955 2678 1016 in

399 1047 717 1111 solutione
771 1049 957 1112 dictae
1003 1051 1200 1114 firmae
1252 1050 1335 1114 ad
1382 1051 1732 1115 terminum
1785 1059 2101 1117 statutum
2150 1053 2435 1130 deficere,
2489 1053 2683 1118 liceat

400 1148 583 1211 nobis
643 1157 710 1211 et
768 1170 934 1214 succ.
996 1151 1232 1215 nostris
1294 1151 1759 1216 districtionem
1823 1152 2027 1216 facere
2087 1153 2254 1216 infra
2308 1159 2680 1216 tenementa

398 1247 588 1328 praed.
621 1248 938 1312 Willelmi
968 1250 1037 1312 in
1068 1250 1412 1327 Loketona,
1445 1272 1559 1334 per
1589 1259 1819 1328 totum,
1852 1272 2185 1335 quousque
2232 1252 2309 1316 de
2348 1253 2679 1336 arreragiis

398 1347 583 1411 nobis
643 1348 928 1431 plenarie
990 1349 1185 1413 fuerit
1243 1351 1664 1416 satisfactum.
1782 1352 1858 1414 In
1923 1353 2108 1434 cujus
2168 1373 2215 1416 r.
2278 1358 2420 1415 test.
2481 1352 2675 1434 praed.

398 1445 770 1511 Willelmus
816 1447 1143 1525 Malekak,
1187 1470 1303 1533 pro
1348 1471 1417 1515 se
1462 1456 1528 1514 et
1572 1451 1871 1514 omnibus
1911 1451 2056 1514 haer.
2101 1457 2166 1514 et
2210 1452 2676 1515 successoribus

396 1545 548 1620 suis,
579 1545 730 1611 huic
761 1567 878 1612 scr.
920 1550 1339 1632 cyrograffato
1384 1550 1497 1634 sig.
1544 1563 1737 1614 suum
1785 1551 2100 1634 apposuit.
2193 1551 2340 1614 Hiis
2387 1551 2678 1615 testibus,

397 1644 565 1708 D'no
596 1645 924 1710 Willelmo
955 1646 1034 1712 de
1066 1648 1368 1712 Roselles,
1460 1648 1702 1712 Thema
1735 1649 1813 1712 de
1847 1649 2198 1712 Eberston:
2244 1654 2309 1712 et
2338 1648 2498 1714 aliis,

918 1848 1133 1913 DXX.
1177 1848 1626 1911 THORNETONA
1659 1864 1738 1910 ET
1769 1848 2155 1913 FARMANBY.

485 1991 701 2076 (1061’)
750 1996 1063 2060 Omnibus
1097 1996 1337 2061 Christi
1362 1995 1528 2060 fidel.
1561 1996 1644 2060 ad
1675 2017 1835 2079 quos
1859 2018 1950 2080 pr.
1984 2017 2098 2061 scr.
2129 2017 2322 2080 perit„
2353 1997 2672 2062 Radulfus

399 2091 483 2156 fil.
531 2093 827 2176 Hugonis
874 2094 1180 2159 Bardolf²
1209 2095 1288 2167 de
1324 2095 1377 2158 F
1378 2095 1710 2180 armanby,
1757 2095 2046 2158 salutem.
2137 2095 2203 2157 N
2205 2096 2465 2159 overitis
2497 2097 2669 2160 univ,

396 2212 517 2268 me,
547 2191 783 2256 divinae
832 2194 1115 2258 caritatis
1161 2194 1407 2259 intuitu
1437 2201 1503 2258 et
1546 2214 1662 2278 pro
1703 2193 1812 2258 sal.
1862 2215 1914 2258 a.
1947 2215 2123 2270 meae,
2153 2202 2218 2259 et
2262 2215 2427 2260 omn.
2469 2200 2671 2260 antec.

397 2311 701 2369 meorum,
726 2298 791 2356 et
821 2292 1166 2370 haeredum,
1190 2293 1268 2370 d.,
1299 2315 1369 2370 c.,
1400 2299 1465 2358 et
1496 2293 1631 2357 hac.
1664 2314 1754 2376 pr.
1788 2314 1836 2357 c.
1869 2314 2013 2357 mea
2043 2293 2204 2357 conf.
2237 2294 2376 2357 Deo
2407 2300 2471 2358 et
2501 2294 2669 2358 Eccl.

398 2392 458 2454 S.
491 2391 667 2455 Petri
699 2398 765 2456 et
796 2393 858 2459 S.
892 2393 1114 2457 Hildae
1144 2394 1221 2457 de
1253 2393 1585 2476 Whiteby‚
1617 2399 1684 2457 et
1714 2413 1881 2456 mon.
1929 2392 2082 2458 ibid.
2129 2394 2267 2456 Deo
2306 2413 2483 2470 serV„
2513 2393 2584 2457 in
2612 2393 2674 2471 1.,

396 2510 475 2574 q.,
518 2512 598 2576 p.,
642 2499 708 2556 et
750 2513 923 2578 perp.
970 2492 1170 2569 elem„
1214 2493 1341 2557 duo
1385 2492 1548 2555 tofta
1590 2499 1656 2556 et
1700 2492 2023 2576 quandam
2067 2492 2448 2577 particulam
2487 2494 2674 2578 prati,

396 2613 544 2655 cum
589 2600 748 2675 pert.
798 2593 949 2670 suis,
995 2594 1067 2657 in
1111 2594 1164 2657 F
1164 2592 1702 2677 armanby—scil.
1750 2594 1877 2657 duo
1923 2594 2106 2669 tofta,
2151 2615 2422 2677 quorum
2467 2614 2670 2659 unum

386 2692 561 2774 jacet
590 2714 671 2756 ex
701 2693 1107 2757 meridionali
1134 2701 1315 2776 parte
1344 2693 1484 2769 viae,
1513 2694 1683 2756 inter
1712 2694 1948 2757 toftum
1992 2693 2163 2776 quod
2209 2694 2335 2758 fuit
2359 2694 2672 2758 Willelmi

396 2792 517 2855 filii
548 2792 812 2859 Roberti
848 2801 914 2858 et
953 2794 1285 2870 fossatum,
1329 2798 1395 2858 et
1439 2793 1714 2857 alterum
1751 2794 1925 2876 jacet
1970 2814 2049 2857 ex
2094 2793 2449 2878 aquilonali
2492 2801 2671 2879 parte

397 2893 537 2968 viae,
566 2893 736 2956 inter
779 2895 1017 2957 toftum
1060 2893 1438 2957 monialium
1469 2894 1548 2959 de
1579 2893 1925 2958 Rossedale
1954 2903 2021 2958 et
2051 2895 2287 2957 toftum
2331 2893 2502 2977 quod
2548 2895 2674 2958 fuit

398 2992 714 3056 Willelmi
744 2994 823 3057 de
854 2994 1221 3077 Swyntona‚
1253 3000 1318 3058 et
1353 3001 1609 3077 pratum
1655 2993 1827 3077 quod
1863 2994 2038 3077 jacet
2081 2994 2248 3058 inter
2290 2994 2671 3077 praedictum

396 3092 634 3156 toftum
666 3100 732 3156 et
762 3093 1081 3157 culturam
1112 3114 1256 3177 quae
1286 3100 1553 3157 vocatur
1582 3093 1643 3157 le
1675 3092 2406 3158 Ovenham3—Tenend.
2431 3101 2497 3157 et
2525 3095 2670 3159 hab.

397 3192 549 3257 eisd.
581 3192 911 3256 monachis
941 3193 1011 3255 in
1041 3193 1102 3269 1.,
1131 3214 1210 3277 q.,
1240 3214 1319 3277 p„
1349 3198 1415 3257 et
1437 3213 1611 3276 perp.
1639 3192 1839 3269 elem,
1860 3193 1921 3269 1.,
1942 3193 2076 3268 int„
2106 3214 2184 3276 q.,
2215 3200 2280 3256 et
2310 3192 2672 3270 honorifice,

398 3312 546 3356 cum
591 3312 758 3355 omn.
804 3300 962 3375 pert.
994 3293 1160 3369 suis,
1204 3293 1411 3356 libert.
1459 3299 1527 3355 et
1569 3292 1831 3368 aisiam„
1866 3292 2035 3355 infra
2063 3312 2122 3356 v,
2154 3300 2219 3355 et
2249 3298 2447 3368 extra,
2476 3313 2671 3375 prope

397 3398 465 3456 et
492 3392 730 3475 procul,
761 3392 829 3455 in
859 3392 1157 3456 omnibus
1188 3398 1254 3456 et
1282 3391 1542 3475 ubique,
1571 3391 1712 3455 sine
1756 3392 1935 3455 omni
1979 3392 2212 3475 imped.
2250 3398 2314 3455 et
2350 3398 2563 3468 reten,
2593 3393 2672 3456 de

399 3511 501 3555 me
532 3498 598 3555 et
627 3490 771 3555 haer.
805 3491 966 3556 meis
1009 3492 1506 3574 imperpetuum.
1595 3491 1683 3554 Et
1727 3511 1858 3575 eg0‚
1891 3491 2225 3568 Radulqu,
2256 3497 2322 3555 et
2365 3490 2511 3554 haer.
2542 3493 2673 3555 mei

396 3612 561 3667 war„
605 3591 747 3667 def„
790 3598 856 3655 et
898 3591 1038 3675 adq.
1085 3593 1273 3674 praed.
1320 3590 1652 3655 monachis
1696 3590 1872 3654 dicta
1913 3591 2079 3655 tofta
2112 3597 2177 3654 et
2220 3597 2494 3673 pratum,
2524 3611 2672 3655 cum

471 3729 489 3763 ¹
526 3730 639 3782 The
663 3731 763 3781 site
788 3729 844 3781 of
865 3730 961 3781 the
985 3731 1094 3781 toft
1116 3730 1339 3797 granted
1364 3730 1601 3797 explains
1626 3730 1719 3781 the
1750 3746 2059 3781 occurrence
2094 3730 2149 3780 οἱ
2183 3730 2277 3781 the
2313 3730 2512 3781 service
2547 3730 2672 3782 here

397 3813 657 3881 specified.
735 3813 961 3864 “When
994 3813 1124 3865 land
1148 3830 1256 3865 was
1291 3813 1418 3865 held
1444 3813 1500 3864 of
1534 3813 1630 3864 the
1666 3813 1824 3880 Κίος,
1857 3818 1953 3864 not
1977 3813 2050 3879 by
2075 3814 2310 3879 military
2334 3814 2547 3878 service,
2572 3813 2673 3865 but

399 3898 567 3948 under
589 3898 685 3948 the
709 3896 999 3963 obligation
1035 3900 1096 3947 to
1131 3897 1320 3947 render
1355 3913 1499 3947 some
1535 3896 1690 3947 small
1724 3895 1881 3963 thing
1907 3896 2216 3962 ‘belonging
2238 3900 2297 3947 to
2321 3896 2464 3958 war‚'
2488 3912 2562 3957 aa,
2591 3897 2676 3947 for

396 3982 651 4042 instance,
677 3985 735 4031 to
762 3983 775 4005 ‘
795 3980 941 4045 yield
975 3979 1089 4030 him
1125 3979 1308 4045 yearly
1334 3996 1367 4030 a
1391 3979 1523 4040 bow,
1551 3996 1610 4030 or
1633 3995 1666 4029 a
1700 3979 1887 4040 sword,
1914 3995 1973 4029 or
1996 3995 2028 4029 a
2050 3979 2257 4045 dagger,
2286 3996 2345 4029 or
2369 3995 2401 4029 a
2424 3978 2587 4042 knife,
2616 3997 2676 4030 or

397 4082 430 4116 a
453 4066 570 4131 pair
591 4065 648 4115 of
671 4064 773 4132 gilt
797 4080 966 4129 epure,
992 4079 1053 4113 or
1076 4080 1144 4113 an
1170 4079 1354 4125 ari-ow,
1383 4079 1444 4113 or
1466 4062 1646 4113 divers
1670 4061 1905 4122 arrows,’
1930 4062 2040 4113 this
2066 4078 2174 4112 was
2198 4061 2367 4113 called
2389 4065 2576 4113 tenure
2598 4063 2674 4128 by

396 4149 537 4216 petit
553 4145 1278 4215 aearjeanty.”—(Littleton,
1294 4163 1393 4198 sec.
1423 4148 1537 4207 159,
1560 4145 1703 4197 cited
1717 4145 1772 4196 in
1792 4144 2015 4212 Digby’s
2034 4145 2159 4195 Law
2178 4146 2240 4208 of
2257 4146 2388 4196 Real
2405 4147 2670 4211 Proper-ty,

398 4251 449 4300 p.
486 4235 596 4296 39.)
669 4231 846 4283 Lauda
882 4231 1006 4282 held
1045 4231 1114 4297 by
1149 4231 1317 4297 grand
1354 4230 1658 4295 searjeanty
1695 4228 1849 4280 could
1885 4229 2013 4295 only
2048 4229 2114 4279 be
2150 4229 2270 4280 held
2309 4230 2366 4280 of
2398 4230 2491 4281 the
2527 4230 2675 4296 King

306 4351 317 4362 .
397 4316 625 4377 himself,
656 4315 762 4366 and
787 4315 879 4366 the
901 4319 1089 4365 tenure
1114 4315 1170 4365 of
1192 4314 1361 4382 grand
1389 4314 1692 4379 searjeanty
1715 4329 1824 4363 was
1848 4312 2060 4378 usually
2086 4311 2309 4380 (though
2333 4317 2429 4364 not
2453 4313 2669 4379 always)

398 4399 508 4449 free
534 4400 668 4449 from
691 4397 920 4463 liability
945 4402 1005 4448 to
1028 4402 1260 4465 scutage‚
1286 4397 1460 4448 which
1485 4413 1594 4448 was
1620 4400 1716 4447 not
1738 4396 1832 4448 the
1858 4413 1974 4447 case
1999 4395 2132 4446 with
2157 4398 2296 4463 petit
2316 4399 2631 4463 searjeanty.

470 4478 494 4513 ¹
531 4480 627 4532 See
650 4481 775 4533 Nos.
806 4483 890 4541 98,
922 4483 1038 4531 142.

468 4564 492 4598 ³
529 4565 763 4616 Another
786 4564 919 4615 local
948 4565 1185 4617 instance
1212 4566 1268 4615 of
1291 4567 1383 4615 the
1408 4582 1500 4615 use
1526 4566 1582 4615 of
1605 4567 1699 4616 the
1725 4566 1870 4616 word
1899 4566 2090 4615 ornam
2118 4582 2178 4615 or
2201 4565 2451 4616 Ovenam.
