3254 5140
616 606 739 665 488
988 618 1531 670 CARTULARIUM
1569 617 1975 669 ABBATHIAE
2008 618 2107 668 DE
2140 618 2515 671 WHITEBY.

614 781 966 863 parochiali
1027 782 1105 846 de
1155 783 1411 847 Semara
1454 783 1564 865 jus
1613 789 1990 865 patronatus
2050 784 2436 861 habuerunt,
2489 785 2676 868 cujus
2735 783 2883 848 eccl.

609 882 860 945 fructus
892 890 958 945 et
1001 890 1355 966 proventus
1384 882 1586 945 annui
1624 883 1815 964 juxta
1846 883 2243 946 taxationem
2275 883 2540 948 decimae
2570 904 2888 947 summam

611 982 983 1066 octuaginta
1018 1002 1374 1045 marcarum
1410 981 1861 1065 sterlingorum
1909 1003 2039 1045 non
2081 989 2502 1059 excesserant,
2539 1005 2659 1048 nec
2705 1003 2890 1047 exce-

611 1079 795 1156 dunt,
849 1082 1110 1145 nomine
1168 1080 1602 1165 procuratorio
1664 1081 2028 1158 eorundem,
2073 1082 2216 1145 dico
2263 1091 2329 1146 et
2373 1104 2656 1165 propono
2718 1081 2890 1165 quod

613 1180 993 1262 praedictum
1040 1182 1112 1244 M
1118 1180 1508 1245 onasterium
1556 1180 1635 1243 de
1667 1179 1995 1264 Whiteby,
2028 1182 2199 1264 quod
2243 1182 2313 1244 in
2362 1191 2546 1246 vasto
2592 1189 2657 1245 et
2689 1181 2893 1246 sterili

608 1278 753 1342 loco
814 1280 1012 1344 situm
1059 1281 1189 1344 fore
1250 1279 1702 1343 dinoscebatur
1764 1286 1829 1342 et
1883 1280 2255 1353 dinoscitur,
2307 1301 2421 1363 per
2468 1281 2732 1345 hostiles
2792 1281 2891 1343 in-

613 1399 839 1443 cursus
880 1381 1069 1463 (149)
1108 1380 1471 1443 Scottorum
1503 1378 1616 1461 qui
1654 1379 2086 1461 possessiones
2117 1388 2183 1443 et
2212 1380 2382 1443 bona
2410 1380 2617 1462 ipsius
2648 1381 2887 1464 pluries

615 1477 982 1542 devastasse
1056 1480 1501 1554 noscebantur,
1555 1498 1803 1542 necnon
1874 1484 1940 1542 et
2011 1478 2174 1562 [per]
2233 1480 2693 1543 mortalitatem
2751 1480 2890 1543 ani-

617 1578 902 1654 malium,
933 1586 1000 1643 et
1043 1586 1354 1643 terrarum
1400 1579 1604 1661 ipsius
1659 1578 2041 1642 Monasterii
2087 1579 2494 1642 sterilitatem
2547 1579 2892 1655 insolitam,

615 1678 870 1760 aliaque
901 1699 1045 1761 quae
1074 1678 1461 1762 contigerint
1489 1677 1700 1741 eidem
1730 1678 2082 1742 infortunia
2111 1678 2390 1761 plurima
2420 1686 2487 1743 et
2511 1678 2781 1754 diversa,
2811 1677 2893 1740 ad

616 1785 866 1841 tantam
889 1778 1171 1861 inopiam
1194 1779 1322 1842 fuit
1340 1785 1405 1842 et
1424 1786 1523 1842 est
1541 1777 1910 1854 deductum,
1933 1777 2101 1860 quod
2131 1778 2310 1862 [nisi]
2334 1779 2426 1843 eis
2450 1799 2643 1862 super
2663 1778 2789 1842 hiis
2814 1777 2894 1841 de

619 1885 933 1960 oportuno
978 1879 1257 1942 remedio
1301 1899 1415 1962 per
1466 1878 1656 1941 dictae
1701 1877 2132 1942 Sacrosanctae
2188 1878 2370 1942 Sedis
2423 1878 2893 1963 providentiam

615 1985 1040 2055 succurratur,
1115 1979 1342 2042 solitus
1416 1977 1873 2041 monachorum
1964 1999 2285 2053 numeruS,
2358 1985 2425 2043 et
2497 1979 2757 2062 pietatis
2831 1984 2897 2041 et

617 2077 1082 2161 hospitalitatis
1157 2099 1347 2162 opera
1416 2078 1565 2142 ibid.
1636 2078 1772 2142 fieri
1842 2087 2147 2142 consueta
2207 2100 2337 2143 non
2409 2085 2714 2162 poterunt
2779 2096 2896 2139 nec

620 2187 893 2261 possunt
916 2179 939 2218 ¹
970 2181 1264 2256 exerceri,
1296 2179 1676 2262 quinimmo,
1707 2178 1879 2260 quod
1910 2178 2354 2243 vehementius
2400 2186 2500 2243 est
2531 2177 2899 2252 dolendum,
2926 2213 2934 2222 ·

619 2279 817 2343 iidem
857 2280 1078 2343 Abbas
1123 2288 1190 2343 et
1236 2280 1630 2355 ConventuS,
1661 2277 1933 2361 aliaeque
1978 2299 2265 2362 personae
2312 2279 2469 2344 dicti
2500 2276 2900 2352 Monasterii,

619 2386 931 2461 tanquam
985 2399 1133 2443 oves
1188 2384 1471 2442 errantes
1525 2399 1657 2461 prae
1708 2378 1926 2460 inopia
1980 2378 2442 2462 dispergentur,
2496 2400 2640 2462 quae
2685 2378 2899 2442 omnia

623 2485 690 2541 et
736 2478 988 2561 singula
1032 2478 1402 2562 supradicta
1447 2483 1601 2540 sunt
1654 2485 1719 2540 et
1765 2476 2026 2540 fuerunt
2079 2478 2173 2540 ita
2217 2498 2385 2554 vera,
2429 2485 2713 2562 tempore
2763 2476 2899 2540 dati

625 2578 938 2641 dictarum
985 2578 1178 2642 litter.
1225 2578 1760 2660 Apostolicarum,
1806 2584 1871 2640 et
1915 2583 2082 2654 ante,
2128 2584 2193 2640 et
2238 2584 2374 2640 toto
2427 2585 2713 2662 tempore
2752 2598 2898 2660 sug-

623 2677 928 2760 gestionis
973 2678 1160 2740 factae
1192 2677 1378 2741 dictae
1425 2677 1858 2741 Sacrosanctae
1895 2676 2046 2740 Sedi
2076 2676 2482 2758 Apostolicae,
2528 2677 2607 2740 de
2652 2698 2780 2760 qua
2825 2678 2902 2740 fit

624 2777 866 2840 mentio
914 2777 983 2839 in
1031 2777 1268 2841 litteris
1313 2776 1705 2860 Apostolicis
1736 2776 2123 2850 memoratis,
2155 2795 2240 2857 ,ac
2282 2781 2437 2838 sunt
2481 2775 2551 2837 in
2595 2774 2899 2856 praesenti

624 2876 899 2961 publica,
944 2877 1211 2954 notoria,
1257 2884 1322 2942 et
1370 2878 1730 2953 manifesta,
1778 2883 1841 2939 et
1888 2896 2080 2958 super
2120 2875 2244 2937 hiis
2291 2874 2362 2936 in
2407 2880 2621 2937 vestra
2658 2873 2898 2936 diocesi

621 2978 870 3041 laborat
920 2976 1181 3061 publica
1230 2998 1359 3041 vox
1411 2984 1476 3041 et
1535 2978 1724 3053 fama,
1776 2981 1851 3037 ut
1904 2995 1980 3038 ea
2038 2995 2141 3038 me
2201 2973 2414 3050 offer0,
2465 2971 2897 3056 procuratorio

625 3076 885 3141 nomine
931 3077 1313 3160 supradictO,
1342 3084 1534 3161 prout
1564 3082 1631 3140 et
1675 3075 1981 3159 quatinus
2027 3073 2181 3137 dicti
2230 3072 2535 3156 Religiosi
2579 3077 2902 3147 tenentur,

626 3177 979 3241 secundum
1040 3178 1422 3261 qualitatem
1481 3177 1976 3261 praemissorum,
2038 3174 2171 3237 vim
2249 3181 2314 3237 et
2374 3173 2648 3237 formam
2691 3171 2898 3235 litter-

628 3298 810 3340 arum
833 3278 1350 3362 Apostolicarum
1374 3277 1844 3361 praedictarum,
1868 3275 2153 3359 legitime
2176 3273 2610 3357 probaturum.
2689 3271 2899 3347 Quare

627 3384 793 3461 pet0‚
866 3379 1125 3442 nomine
1187 3399 1315 3461 quo
1378 3398 1589 3460 supra,
1656 3376 1939 3459 probatis
2001 3374 2073 3438 in
2134 3374 2256 3438 hoc
2324 3394 2477 3437 casu
2537 3371 2900 3455 probandis,

629 3497 759 3551 seu,
827 3478 1057 3560 quavis
1116 3478 1225 3540 via
1293 3478 1461 3560 juris
1538 3497 1682 3560 quae
1753 3476 1824 3538 in
1894 3475 2017 3538 hoc
2091 3495 2245 3537 casu
2311 3472 2600 3537 sufficere
2673 3470 2902 3533 debeat

628 3582 741 3638 aut
782 3576 1033 3659 poterit,
1079 3576 1348 3640 detectis
1410 3597 1525 3640 seu
1570 3574 1926 3651 declaratiS,
1972 3573 2142 3658 quod
2194 3572 2562 3656 praedictam
2619 3569 2768 3634 eccl.
2821 3569 2900 3632 de

630 3675 906 3751 Semara,
951 3696 1096 3739 cum
1144 3676 1442 3739 omnibus
1495 3675 1752 3759 juribus
1798 3681 1862 3738 et
1908 3680 2061 3758 pert.
2110 3673 2261 3749 suis,
2307 3671 2546 3735 Abbati
2592 3676 2656 3734 et
2702 3669 2898 3733 ConV.

629 3776 1012 3852 memoratiS,
1057 3776 1439 3839 auctoritate
1485 3773 1858 3858 Apostolica
1903 3773 2287 3857 supradicta,
2317 3793 2430 3855 per
2481 3792 2587 3835 eos
2635 3770 2898 3852 imperp.

628 3877 699 3939 in
747 3897 902 3940 usus
955 3873 1170 3960 (149¹2)
1219 3875 1504 3959 proprios
1552 3874 1971 3950 retinendam,
2018 3872 2259 3937 eisdem
2309 3871 2552 3936 Abbati
2594 3878 2659 3934 et
2705 3870 2898 3933 Conv.

630 3976 1085 4040 nichilominus
1144 3976 1521 4039 auctoritate
1579 3974 1886 4057 praedicta
1950 3973 2029 4036 de
2087 3970 2349 4055 speciali
2416 3971 2621 4054 gratia
2680 3989 2900 4033 conce-

631 4075 855 4152 dend0,
922 4083 997 4139 nt
1072 4076 1276 4158 ipsius
1343 4073 1627 4138 ecclesiae
1711 4075 1979 4137 Rectore
2044 4071 2157 4154 qui
2227 4091 2400 4134 nunc
2470 4077 2568 4134 est
2637 4068 2901 4133 cedente

630 4174 736 4239 vel
789 4176 983 4239 etiam
1029 4175 1392 4251 decedente,
1452 4173 1922 4257 possessionem
1968 4171 2169 4255 ejusd.
2224 4169 2372 4234 eccl.
2428 4168 2902 4254 apprehendere

628 4275 826 4339 libere
868 4276 1245 4339 auctoritate
1285 4274 1540 4358 propria
1587 4273 1862 4347 valeant,
1912 4278 1976 4335 et
2021 4291 2164 4334 eam
2209 4270 2499 4346 retinere,
2543 4274 2756 4332 vestra
2799 4268 2905 4331 vel

631 4375 892 4438 alterius
944 4375 1450 4458 uniuscujusque
1507 4373 1769 4437 licentia
1830 4371 2097 4433 minime
2148 4368 2704 4452 requisita—alias
2757 4368 2903 4451 jure

631 4484 841 4539 vestro
865 4483 930 4538 et
952 4474 1299 4558 cujuslibet
1324 4474 1586 4537 alterius
1620 4474 1687 4535 in
1720 4471 2018 4534 omnibus
2041 4490 2291 4557 semper
2312 4469 2647 4533 salvo—-et
2676 4489 2901 4532 secun-

1632 4582 1651 4618 ¹
1682 4585 1894 4655 pot'unt,
