3254 5140
585 563 708 624 676
948 571 1489 626 CARTULARIUM
1526 571 1933 624 ABBATHIAE
1969 571 2069 623 DE
2103 568 2481 624 WHITEBY.

579 737 841 804 videtur
867 736 1030 802 mihi
1070 757 1208 802 esse
1237 757 1353 801 arx
1395 735 1938 821 inexpugnabilia.
2028 734 2293 800 Pictura
2321 735 2529 802 vitrea
2572 757 2718 821 quae
2762 743 2866 802 est

579 835 652 899 in
705 837 984 901 claustro
1025 836 1105 900 de
1150 834 1559 901 Streneshale
1600 839 1919 898 monstrat
1973 834 2247 912 Scottos,
2291 834 2407 919 qui
2458 856 2656 920 prope
2699 836 2865 900 fines

582 936 940 1020 Anglorum
1000 936 1319 1013 habitant,
1369 934 1585 1011 fuisse,
1637 934 1744 998 vel
1794 934 1876 998 ad
1938 933 2252 999 Gulielmi
2309 934 2497 998 nothi
2555 940 2864 1019 tempora,

582 1033 1161 1119 anthropophagos,
1189 1039 1255 1097 et
1284 1033 1452 1097 hanc
1480 1031 1959 1096 immanitatem
1987 1052 2028 1096 a
2056 1031 2374 1098 Gulielmi
2415 1032 2632 1118 gladio
2661 1034 2864 1098 fuisse

582 1133 898 1217 punitam.

670 1233 842 1296 Eske
884 1233 1129 1297 flumen
1172 1231 1377 1296 oritur
1417 1230 1488 1294 in
1534 1228 1870 1306 Eskedale,
1929 1229 2283 1314 defluitque
2341 1252 2457 1315 per
2514 1232 2862 1298 Danbeum

584 1351 833 1409 nemus,
868 1336 935 1397 et
963 1331 1228 1396 tandem
1259 1329 1433 1413 apud
1463 1328 1872 1395 Streneshale
1900 1328 1972 1392 in
2001 1349 2177 1394 mare
2207 1350 2276 1395 se
2306 1338 2624 1396 exonerat.

926 1566 1398 1631 Dcxxvnc.
1445 1564 2096 1650 (win.Ma1mesb.f.
2135 1571 2271 1643 102,
2300 1586 2361 1630 n.
2396 1567 2526 1650 30.)

670 1716 773 1781 Dc
802 1715 987 1799 cujus
1016 1715 1087 1779 in
1119 1714 1423 1800 Angliam
1456 1714 1775 1779 adventus
1805 1715 1953 1797 (viz.
1985 1714 2300 1780 Theodori
2330 1715 2654 1801 Archiep'i
2692 1717 2864 1782 Can-

584 1815 773 1898 tuar.)
822 1814 1101 1898 principi
1155 1814 1370 1879 Oswio
1416 1814 1564 1898 (viz.
1620 1814 1782 1897 Regi
1835 1814 2254 1897 Northumb.)
2307 1815 2577 1880 debetur
2624 1816 2868 1900 gratia3

581 1913 735 1979 licet
778 1914 1113 1998 Egbertus,
1142 1914 1285 1978 Rex
1315 1913 1583 1990 Cantiae,
1613 1933 1730 1996 pro
1767 1913 1914 1996 jure
1956 1914 2306 1997 provinciae
2350 1914 2632 1978 multum
2674 1915 2864 1980 illius

582 2013 826 2078 delibet
852 2013 1070 2097 gloria,
1098 2013 1260 2097 quin
1291 2019 1358 2077 et
1386 2012 1671 2076 Domino
1707 2011 2174 2077 famulantibus
2218 2012 2580 2096 frequentia
2621 2014 2864 2078 consti-

580 2117 774 2177 tuens
831 2112 1218 2186 habitacula,
1276 2111 1472 2195 hujus
1530 2131 1789 2195 quoque
1845 2110 2002 2176 boni
2065 2112 2348 2195 patriam
2406 2132 2538 2176 non
2593 2112 2865 2197 reliquit

582 2230 956 2295 exanguem.
1026 2211 1314 2289 Quorum
1344 2209 1742 2294 praecipuum
1763 2210 2254 2286 Monasterium,
2273 2217 2434 2275 tunc
2455 2210 2864 2275 faeminarum

582 2329 759 2374 nunc
788 2309 1266 2385 monachorum,
1305 2309 1387 2372 ab
1429 2308 1717 2372 Eboraco
1762 2328 1898 2371 xxx
1943 2307 2236 2372 millibus
2280 2308 2351 2372 in
2394 2308 2634 2372 boreali
2675 2318 2862 2392 parte

580 2408 799 2485 situm,
851 2408 1120 2492 antiquo
1164 2407 1477 2472 vocabulo
1532 2406 1958 2484 Streneshalc,
2009 2407 2199 2472 modo
2242 2407 2557 2492 Whiteby
2608 2428 2861 2472 nuncu-

580 2511 787 2590 patur,
846 2506 1016 2591 quod
1077 2507 1161 2570 ab
1232 2505 1505 2590 insignis
1571 2504 1899 2591 religionis
1963 2505 2230 2570 foemina
2295 2505 2500 2570 Hilda
2556 2513 2862 2591 coeptum,

578 2604 940 2669 Ethelfleda
978 2604 1265 2688 ejusdem
1312 2604 1504 2687 Regis
1551 2604 1688 2669 filia
1730 2605 1803 2668 in
1846 2605 2157 2689 regimine
2202 2605 2569 2683 succedens,
2610 2608 2861 2691 magnis

579 2703 898 2768 fiscalium
942 2724 1139 2787 opum
1181 2703 1459 2768 molibus
1503 2704 1708 2781 auxit,
1735 2703 1850 2767 ubi
1894 2709 1962 2768 et
2003 2704 2176 2789 patri
2217 2711 2366 2788 post
2409 2704 2620 2769 xxviii
2654 2727 2862 2772 annos

578 2801 762 2887 regni
789 2802 1095 2866 defuncto
1126 2802 1355 2866 funera
1374 2802 1556 2885 justa
1583 2801 1908 2886 persolvit.

1022 3020 2105 3122 DOXXV111.‘(Dodsworth,lix.
2135 3059 2196 3122 p.
2235 3039 2405 3121 12⁷.)

706 3200 1067 3265 Ramnnus
1096 3216 1183 3263 nn
1213 3199 1674 3274 ΑΝΤῙρυῙΤΑΤΕ
1707 3200 2307 3266 ΒΕΝΕΒΙΟΤῙΝΟΒΒΜ
2337 3218 2410 3266 ΙΝ
2439 3203 2726 3279 Anam,

1577 3299 1685 3364 fol.
1724 3304 1863 3363 158.

665 3423 1059 3489 Omittamus
1103 3422 1366 3487 tandem
1394 3421 1800 3487 Whitbeiam
1833 3422 1892 3487 S.
1928 3422 2164 3499 Hildae,
2195 3423 2369 3507 quod
2414 3422 2588 3501 olim,
2619 3424 2861 3489 sancti-
2933 3428 2938 3429 ⁷

575 3522 957 3587 monialium
1000 3527 1067 3585 et
1114 3520 1573 3585 monachorum
1619 3521 2092 3585 Monasterium
2145 3541 2292 3585 cum
2346 3522 2593 3600 fuisset,
2637 3523 2859 3588 Stren-

576 3620 781 3686 shalle
852 3619 1269 3703 appellatum,
1325 3627 1392 3684 et
1462 3620 2000 3685 incursitantibus
2073 3619 2362 3686 barbaris
2436 3622 2860 3699 destructum,

578 3719 944 3786 Gulielmus
975 3719 1195 3803 Percy,
1219 3719 1518 3804 Hugonis
1551 3719 1826 3784 Comitis
1857 3719 2122 3783 Cestriae
2151 3719 2344 3797 filius,
2366 3721 2538 3785 circa
2565 3725 2859 3805 tempora

576 3817 848 3884 Henrici
875 3816 1071 3903 primi
1098 3819 1404 3895 restituit,
1433 3822 1501 3882 et
1543 3816 1910 3902 insignibus
1953 3817 2251 3883 dotatum
2295 3819 2573 3902 praediis,
2603 3819 2857 3884 Serloni
2910 3824 2914 3827 ’

576 3917 762 3984 fratri
789 3938 906 3983 suo
935 3916 1397 4000 monachisque
1425 3916 1871 3981 Benedictinis
1900 3916 2401 3981 inhabitandum
2429 3917 2626 3982 dedit.

1053 4152 1431 4217 Dcxmx,
1478 4151 1915 4236 (Dodsworm
1944 4150 2070 4216 0111.
2104 4172 2166 4236 p.
2203 4156 2374 4235 106.)

664 4300 1134 4366 Monasterium
1178 4300 1260 4365 de
1305 4299 1730 4378 Streneshalc,
1758 4298 1931 4383 quod
1975 4319 2151 4364 nunc
2193 4298 2540 4384 Whitteby
2571 4308 2859 4378 vocatur,

575 4403 782 4487 primo
812 4400 893 4464 de
922 4399 1520 4464 sanctimonialibus
1564 4397 1869 4463 fundavit
1897 4399 2038 4463 Rex
2071 4398 2391 4476 Oswinus,
2422 4398 2620 4464 irater
2646 4399 2858 4464 sancti

575 4501 770 4585 Regis
828 4505 894 4564 et
937 4499 1247 4582 Martyris
1306 4498 1610 4576 oswaldi,
1653 4498 1724 4561 in
1777 4499 1865 4563 Αο
1907 4498 2131 4583 gratiae
2188 4497 2490 4576 Dc⁰lviii⁰,
2542 4503 2620 4563 ut
2661 4499 2860 4565 refert
