3254 5140
785 613 1331 667 GARTULARIUM
1367 614 1776 670 ABBATHIAE
1810 615 1909 668 DE
1939 617 2314 671 WHITEBY.
2558 608 2676 668 651

344 791 353 798 ·
406 780 609 841 tatem
665 783 734 842 et
790 777 1366 844 corroborationem
1423 780 1917 865 quibuscunque
1990 782 2198 847 modis
2255 782 2396 848 fieri
2452 783 2691 868 poterit

405 876 718 954 faciendO,
746 897 821 942 ac
867 898 1061 961 super
1103 878 1402 943 omnibus
1446 884 1513 944 et
1556 880 1715 964 sing.
1747 880 2038 945 articulis
2074 887 2140 945 et
2170 881 2386 946 dubiis
2430 889 2497 947 et
2539 883 2686 947 aliis

405 975 898 1060 quibuscunque
928 997 1044 1041 nos
1074 982 1140 1042 et
1168 998 1334 1042 succ.
1367 985 1641 1056 nostrOS,
1672 978 1820 1045 eccl.
1852 985 1919 1044 et
1953 981 2238 1044 Domum
2283 988 2588 1058 nostram,
2618 989 2687 1047 et

407 1074 760 1138 cantariam
803 1075 996 1160 praed.
1026 1076 1199 1140 inter
1227 1097 1344 1141 nos
1374 1097 1456 1141 ex
1499 1083 1682 1161 parte
1710 1098 1843 1142 una
1873 1084 1938 1144 et
1966 1081 2012 1144 J
2016 1079 2339 1144 ohannem
2366 1080 2446 1145 de
2477 1080 2684 1165 Wyk-

406 1171 560 1237 ham
602 1195 686 1239 ex
728 1175 836 1240 alt.
880 1179 1064 1259 parte
1114 1176 1658 1261 contingentibus,
1701 1178 2112 1256 ordinationi,
2158 1178 2433 1256 decret0,
2474 1179 2691 1255 laudo,

408 1273 687 1351 arbitrio,
730 1274 1039 1339 decisioni
1085 1281 1153 1340 et
1197 1275 1571 1341 diffinitioni
1615 1276 1776 1341 Ven.
1822 1278 2026 1361 patris
2071 1277 2204 1341 d’ni
2254 1277 2434 1342 will.
2481 1279 2562 1342 D.
2609 1279 2686 1343 G.

407 1371 592 1437 Ebor.
626 1373 974 1457 Archiep'i‚
1002 1379 1139 1450 etc„
1167 1380 1360 1456 prout
1389 1375 1512 1439 sibi
1543 1376 1757 1439 visum
1787 1375 2002 1453 fuerit,
2022 1375 2223 1439 immo
2245 1377 2688 1460 juramentum

407 1470 838 1555 quodcunque
887 1472 959 1535 in
1010 1472 1259 1537 animas
1307 1479 1556 1537 nostras
1606 1473 1992 1557 praestandO,
2043 1475 2533 1550 ordinationem,
2579 1475 2689 1538 de-

409 1573 657 1633 cretum
708 1578 846 1647 etc„
895 1571 1052 1634 dicti
1096 1572 1256 1635 Ven.
1302 1572 1506 1655 patris
1559 1573 1971 1656 approbando
2016 1578 2082 1637 et
2125 1574 2564 1658 omologando,
2614 1593 2689 1636 ac

409 1669 626 1732 omnia
664 1668 792 1733 alia
835 1675 902 1733 et
946 1669 1201 1753 singula
1243 1669 1534 1735 faciendo
1565 1691 1711 1755 quae
1752 1671 1824 1734 in
1869 1671 2238 1755 praemissis,
2267 1679 2335 1736 et
2378 1671 2460 1736 ad
2504 1691 2580 1735 ea
2622 1676 2690 1735 et

409 1768 576 1831 circa
615 1789 691 1832 ea
728 1769 1151 1852 requiruntur
1193 1768 1506 1846 faciendo,
1535 1770 1889 1835 exercendo
1933 1777 1999 1836 et
2042 1771 2460 1855 expediendo,
2490 1772 2688 1835 etiam

408 1867 464 1930 si
507 1867 886 1932 mandatum
916 1868 1178 1951 exigant
1217 1868 1812 1950 speciale,-dilectos
1842 1869 2029 1933 nobis
2058 1869 2131 1932 in
2162 1869 2439 1945 Christe,
2468 1868 2691 1932 d'num

408 1965 586 2030 Will.
645 1967 727 2030 de
786 1965 1033 2049 Bergh',
1079 1966 1418 2031 Rectorem
1477 1966 1764 2032 ecclesiae
1817 1967 1899 2032 de
1948 1968 2300 2045 Thornton,
2351 1973 2418 2032 et
2468 1968 2689 2031 d'num

407 2066 453 2130 J
456 2063 794 2141 ohannem,
817 2063 1065 2129 dictum
1087 2064 1325 2141 Broun,
1344 2064 1788 2149 capellanum,
1811 2065 2210 2149 conjunctim
2233 2073 2301 2130 et
2322 2066 2603 2142 divisim,
2625 2071 2691 2130 et

408 2168 627 2227 utrum
658 2182 877 2226 eorum
906 2184 1022 2247 per
1049 2183 1117 2227 se
1145 2163 1217 2226 in
1247 2163 1528 2228 solidum
1557 2169 1997 2247 procuratores
2027 2170 2279 2229 nostros
2303 2164 2691 2240 ordinamus,

406 2262 679 2326 facimus
723 2267 791 2326 et
819 2262 1277 2326 constituimus
1306 2282 1422 2346 per
1449 2268 1818 2346 praesentes,
1845 2262 2298 2346 promittentes
2328 2282 2446 2327 nos
2475 2267 2691 2325 ratum

408 2361 738 2425 habituros
760 2365 857 2442 >et
896 2367 1156 2445 gratum
1200 2361 1515 2444 quicquid
1557 2362 1815 2445 praefati
1859 2367 2301 2445 procuratores
2349 2361 2573 2437 nostri,
2626 2367 2692 2425 et

410 2459 605 2522 etiam
647 2479 866 2523 eorum
895 2464 1167 2542 uterque
1206 2480 1322 2544 per
1351 2480 1437 2536 se,
1463 2459 1535 2522 in
1565 2461 1917 2544 praemissis
1946 2466 2013 2526 et
2042 2480 2119 2525 ea
2147 2460 2693 2545 contingentibus,

409 2558 733 2635 duxerint,
774 2557 882 2623 vel
924 2558 1203 2636 duxerit,
1246 2558 1633 2626 faciendum.
1726 2560 1809 2624 In
1854 2559 2039 2645 cujus
2074 2582 2122 2626 r.
2167 2565 2214 2627 t.
2246 2560 2360 2645 sig.
2391 2563 2691 2625 nostrum

284 2661 291 2669 '
410 2677 635 2721 comm.
683 2658 1108 2740 praesentibus
1159 2657 1595 2741 apposuimus.
1685 2659 1934 2723 Datum
1991 2660 2064 2723 in
2115 2660 2418 2743 Capitulo
2469 2669 2690 2727 nostro

408 2755 582 2839 apud
632 2755 966 2840 Wykham
1009 2756 1286 2838 septimo
1331 2756 1435 2821 die
1478 2757 1721 2822 mensis
1773 2758 2183 2836 Novembris,
2220 2760 2302 2824 A.
2342 2759 2420 2826 G.
2471 2769 2691 2826 M⁰ccc⁰

408 2854 715 2918 vicesimo
780 2855 989 2937 primo
1012 2854 1449 2938 :—nobisque,
1505 2856 1675 2920 d'nis
1747 2857 1927 2923 WilL
1988 2856 2069 2922 de
2142 2857 2370 2941 Bergh'
2431 2860 2692 2925 nomine

406 2953 844 3036 procuratorio
901 2974 1017 3037 pro
1075 2954 1267 3036 praed.
1357 2954 1672 3020 Priorissa
1730 2961 1798 3019 et
1847 2956 2045 3021 Oonv,
2099 2956 2181 3021 de
2238 2958 2565 3042 Wykham
2623 2965 2693 3023 et

408 3072 629 3116 eorum
672 3072 839 3117 succ.
883 3053 1149 3136 inperp.,
1193 3057 1260 3117 et
1304 3053 1452 3118 Joh.
1499 3052 1581 3117 de
1624 3052 1957 3136 Wykham
1997 3074 2115 3138 pro
2159 3074 2229 3119 se
2273 3061 2339 3119 et
2371 3057 2521 3121 haer.
2552 3057 2690 3120 suis

406 3151 741 3216 humiliter
770 3152 1208 3236 supplicantes
1238 3156 1303 3216 et
1325 3152 1647 3217 instantes
1676 3156 1752 3215 ut
1774 3151 1963 3216 dictae
1985 3152 2249 3236 capellae
2270 3154 2341 3217 in
2362 3156 2690 3239 Wykham

406 3250 795 3316 erectionem
837 3257 906 3314 et
948 3250 1510 3327 constructionem,
1555 3249 2004 3333 dictarumque
2048 3257 2360 3315 terrarum
2404 3259 2471 3318 et
2512 3259 2691 3318 tene-

408 3353 775 3413 mentorum
825 3350 1326 3434 assignationem
1381 3356 1523 3413 rata
1573 3348 1908 3427 habentes,
1945 3351 2139 3434 juxta
2180 3351 2357 3435 piam
2401 3353 2691 3436 ejusdem

408 3447 730 3513 «Iohannis
772 3448 1225 3526 intentionem,
1252 3450 1323 3513 in
1352 3449 1546 3532 praed.
1581 3448 1848 3532 Capella
1877 3449 1948 3512 in
1976 3451 2301 3534 Wykham
2338 3452 2690 3516 cantariam

410 3550 803 3630 perpetuam,
848 3548 1233 3612 auctoritate
1288 3547 1630 3613 diocesana
1673 3547 2060 3626 ordinemus,
2107 3549 2560 3614 submittentes
2604 3571 2691 3627 se,

410 3646 726 3729 capellam
783 3647 1013 3730 ipsam,
1072 3647 1415 3731 omniaque
1473 3647 1556 3711 ad
1616 3647 1892 3713 eandem
1951 3649 2265 3733 capellam
2329 3651 2693 3734 spectantia

410 3745 799 3810 ordinationi
837 3753 1091 3823 nostrae,
1121 3751 1369 3811 statuto
1414 3752 1481 3811 et
1524 3746 1795 3825 decreto,
1824 3748 2134 3826 absolute,
2164 3758 2410 3834 sponte,
2441 3751 2691 3835 simpli-

410 3844 569 3909 citer
612 3850 679 3909 et
720 3846 1127 3928 pure—Noa,
1171 3845 1374 3929 ipsius
1419 3847 1465 3912 J
1468 3845 1743 3911 ohannis
1788 3846 1868 3911 de
1911 3848 2238 3930 Wykham
2282 3848 2690 3914 devotionem

409 3942 951 4020 commendantes,
1010 3950 1077 4009 et
1133 3945 1310 4029 praef.
1371 3944 1687 4028 capellam
1745 3946 2129 4012 auctoritate
2186 3952 2405 4012 nostra
2463 3948 2692 4011 confir-

409 4048 677 4118 mantes,
708 4042 996 4126 ejusdem
1027 4043 1412 4123 erectionem
1442 4050 1511 4108 et
1539 4044 2084 4109 constructionem
2112 4051 2318 4110 ratam
2348 4053 2416 4111 et
2442 4054 2690 4132 gratam

408 4140 719 4206 habentes
764 4140 845 4206 de
895 4141 1220 4226 praedicto,
1265 4146 1333 4207 et
1383 4141 1739 4207 cantariam
1789 4142 1862 4206 in
1911 4142 2136 4209 eadem
2177 4151 2488 4228 perpetuo
2539 4166 2688 4210 con-

409 4239 734 4317 stituend.,
763 4239 1150 4304 auctoritate
1180 4239 1520 4305 diocesana
1549 4238 1858 4305 duximus
1881 4240 2329 4320 ordinandum,
2349 4243 2691 4309 decernen-

408 4338 584 4415 dum,
603 4345 670 4404 et
692 4338 1141 4403 diffiniendum
1163 4338 1461 4403 informa
1485 4339 1853 4423 subscripta
1871 4340 2059 4405 :—In
2076 4341 2303 4426 primis
2327 4342 2695 4421 statuimus,

409 4437 811 4503 decernimus
864 4442 932 4502 et
981 4438 1353 4503 ordinamus
1412 4439 1589 4522 quod
1641 4439 1956 4504 Priorissa
2007 4446 2076 4505 et
2128 4441 2326 4506 ConV.
2380 4442 2558 4508 Mon.
2610 4442 2691 4508 de

409 4538 735 4622 Wykham
794 4542 862 4602 et
919 4558 1141 4602 eorum
1198 4558 1365 4602 succ.
1419 4538 1665 4623 inperp.
1718 4538 2064 4605 inveniant
2113 4539 2275 4606 duos
2326 4540 2694 4627 capellanos

408 4636 610 4701 missa
665 4642 733 4702 et
789 4636 919 4703 alia
977 4636 1188 4701 officia
1245 4636 1471 4702 divina
1526 4644 1839 4722 perpetuo
1900 4638 2328 4706 celebraturos
2386 4641 2459 4705 in
2523 4640 2697 4705 dicta
