3254 5140
822 633 1371 687 CARTULARIUM
1411 633 1815 686 ABBATHIAE
1852 633 1949 684 DE
1983 631 2354 685 WHITEBY.
2600 617 2724 676 699

539 796 663 859 ΙΙΙ.
735 805 785 863 1.
831 799 1203 863 Willelmus
1263 800 1342 863 de
1403 800 1624 882 Percy,
1672 798 1845 861 filius
1898 797 2163 861 Roberti
2211 797 2290 860 de
2339 796 2559 878 Percy,
2603 791 2725 855 filii

449 894 715 959 Ernaldi
765 914 804 962 1.
854 899 933 961 de
983 899 1182 980 Percy
1205 897 1249 960 :¹
1310 919 1391 962 m.
1435 897 1654 981 Agnes
1700 897 1808 980 (de
1853 895 2350 977 Flammavilla)‚
2390 893 2618 957 widow
2661 891 2734 955 of

429 992 490 1056 „J
493 993 779 1059 ohannes
812 995 892 1059 de
925 995 1200 1060 Birkin.2

540 1098 591 1154 2.
643 1099 666 1157 2
692 1095 885 1178 Hugo
916 1097 995 1159 de
1026 1096 1243 1177 Percy.

540 1196 593 1253 3.
642 1194 1027 1258 2Henricu5.

521 1386 540 1420 ¹
567 1388 863 1440 Willelmus
885 1389 952 1441 de
978 1389 1161 1455 Percy,
1188 1390 1283 1441 “d.
1311 1408 1352 1441 c.
1381 1394 1437 1441 et
1460 1391 1594 1442 conf.
1619 1391 1733 1441 Deo
1758 1394 1814 1441 et
1839 1390 1976 1442 Eccl.
2005 1391 2054 1442 S.
2078 1391 2261 1441 Mariae
2280 1390 2346 1441 (18
2365 1385 2721 1455 Gysburnia,”

448 1469 520 1520 all
556 1469 640 1521 his
675 1472 820 1538 right
856 1473 911 1523 in
946 1472 1040 1524 the
1077 1472 1346 1524 Churches
1381 1473 1438 1522 of
1474 1473 1732 1538 Ormesby
1757 1473 1862 1523 and
1899 1472 2208 1538 Orathorne,
2246 1472 2353 1524 and
2387 1472 2481 1523 the
2516 1471 2632 1521 mill
2667 1469 2724 1520 οἱ

392 1551 397 1560 “
450 1552 786 1615 Kaldecotes,
814 1555 999 1606 “sicut
1024 1555 1076 1605 in
1103 1555 1263 1606 cartis
1298 1554 1503 1606 Ernulfi
1540 1555 1606 1606 (18
1644 1556 1824 1620 Percy,
1851 1556 1939 1607 avi
1977 1556 2096 1616 mei,
2128 1560 2185 1607 8ι
2220 1555 2428 1606 Ernulfi
2465 1552 2719 1606 avunculi

451 1637 555 1687 mei
577 1639 892 1691 continetur.
902 1639 1187 1705 ”—(Gysb.
1216 1640 1397 1691 Chart.
1427 1641 1463 1691 f.
1480 1639 1666 1751 ι2151).)

517 1721 663 1772 Will.
690 1722 758 1772 de
782 1722 948 1789 Percy
972 1723 1038 1774 (18
1064 1722 1279 1774 Kildale
1318 1761 1329 1773 .
1369 1761 1382 1774 .
1480 1728 1623 1789 “pro
1649 1724 1824 1775 salute
1860 1724 2049 1776 animae
2073 1726 2317 1793 Agnetis,
2345 1723 2523 1775 uxoris
2547 1720 2723 1773 meae”

449 1803 756 1855 confirms“
774 1822 984 1856 omnem
1019 1805 1357 1857 donationem
1393 1823 1553 1873 quam
1588 1807 1854 1859 Robertus
1890 1808 1957 1859 de
1994 1808 2130 1858 Brus
2165 1808 2319 1859 dedit
2353 1808 2431 1859 eis
2466 1806 2532 1913 de
2568 1805 2724 1856 feodo

450 1885 656 1937 Ernulfi
680 1887 746 1938 de
771 1887 937 1953 Percy
964 1891 1052 1940 avi
1077 1889 1231 1940 mei.”

522 1968 668 2019 Will.
708 1969 774 2020 de
810 1970 993 2036 Percy,
1031 1971 1351 2037 specifically
1389 1972 1485 2022 ‘de
1524 1971 1774 2035 Kildale‚'
1812 1973 1859 2024 is
1893 1972 2026 2024 then
2062 1972 2289 2039 nephew
2324 1972 2379 2024 oi
2420 1970 2623 2022 Ernald
2656 1970 2724 2021 de

451 2051 620 2118 Percy
657 2053 762 2104 and
796 2054 1061 2120 grandson
1097 2055 1152 2104 oi
1187 2055 1280 2106 the
1318 2054 1434 2106 first
1476 2055 1693 2118 Ernald,
1736 2055 1843 2106 and
1881 2056 2198 2121 necessarily
2235 2055 2502 2107 therefore
2537 2070 2633 2105 son
2669 2053 2725 2104 of

450 2133 669 2197 Robert,
706 2136 947 2187 Ernald’s
981 2137 1213 2189 brother.
1287 2138 1396 2188 But
1430 2137 1584 2189 there
1619 2155 1760 2189 were
1796 2155 1943 2189 more
1980 2139 2218 2189 children
2254 2142 2313 2189 to
2351 2138 2553 2188 Robert
2588 2136 2725 2186 than

451 2216 579 2282 only
603 2217 714 2269 this
739 2218 1009 2281 William;
1048 2221 1131 2271 ior
1165 2220 1221 2270 in
1264 2223 1327 2272 16
1360 2221 1547 2286 Heni-y
1576 2234 1636 2271 11.
1676 2220 1852 2271 Adam
1887 2221 1954 2272 de
1990 2221 2126 2271 Brus
2167 2226 2271 2285 (11.)
2310 2224 2341 2248 “
2357 2237 2395 2272 r.
2437 2236 2481 2271 c.
2520 2219 2586 2269 de
2617 2220 2725 2271 250

452 2300 642 2351 marcis
683 2318 778 2368 pro
821 2301 1119 2354 haeredibus
1161 2303 1385 2354 Roberti
1425 2303 1493 2354 de
1534 2304 1672 2354 Brus
1711 2320 1845 2369 quos
1887 2303 2051 2353 habet
2093 2303 2148 2353 in
2192 2302 2435 2353 custodia
2473 2318 2584 2362 sua,
2629 2317 2725 2366 pro

450 2382 694 2436 habenda
725 2388 869 2436 terra
904 2385 1123 2437 Ernaldi
1158 2387 1408 2436 avunculi
1431 2387 1563 2449 sui,'’
1591 2386 1747 2436 while
1778 2386 2040 2436 Ernaldus
2076 2386 2289 2436 himself
2317 2389 2400 2449 (11
2429 2385 2592 2435 Henr.
2621 2386 2724 2444 11.),

451 2471 485 2495 “
504 2483 543 2517 r.
571 2484 613 2518 c.
646 2467 713 2518 de
742 2470 842 2519 100
866 2469 1054 2520 marcis
1081 2485 1173 2534 pro
1198 2473 1344 2520 recto
1369 2469 1612 2520 habendo
1639 2469 1703 2519 de
1728 2468 1853 2520 Ada
1877 2469 1942 2519 de
1967 2467 2157 2530 Brus,''
2182 2469 2228 2519 it
2251 2468 2409 2535 being
2433 2467 2573 2518 clear
2596 2466 2726 2517 thus

449 2549 572 2603 that
594 2550 662 2602 he
680 2551 804 2603 died
827 2551 1067 2604 between
1093 2555 1227 2605 1165
1253 2552 1358 2604 and
1390 2552 1539 2607 1170.
1596 2552 1740 2604 Who
1764 2552 1917 2605 these
1942 2552 2081 2604 heirs
2101 2568 2237 2604 were
2261 2552 2470 2604 besides
2487 2549 2726 2601 William

450 2634 517 2685 de
543 2634 710 2700 Percy
732 2635 778 2686 is
803 2640 899 2687 not
921 2640 1192 2702 apparent.
1266 2637 1316 2687 A
1343 2636 1515 2703 Hugo,
1547 2637 1770 2702 nephew
1794 2636 1850 2687 oi
1876 2636 2083 2687 Walter
2107 2637 2172 2687 de
2198 2636 2381 2702 Percy,
2409 2652 2503 2687 son
2539 2634 2594 2686 of
2631 2634 2726 2684 the

449 2722 661 2782 present
680 2718 934 2779 william,
962 2719 1007 2768 is
1031 2718 1334 2769 mentioned
1359 2720 1415 2769 in
1438 2735 1471 2769 a
1494 2718 1776 2783 Gysburne
1800 2719 2013 2769 chat-ter
2030 2719 2104 2783 by
2123 2719 2216 2769 the
2243 2720 2452 2782 former,
2472 2718 2528 2767 in
2546 2715 2723 2767 which

449 2798 517 2850 he
542 2800 787 2851 confirms
809 2801 892 2852 his
917 2800 1133 2851 father's
1156 2800 1301 2867 gifts.
1378 2800 1447 2851 of
1470 2817 1653 2852 course
1677 2801 1745 2851 he
1769 2817 1893 2867 may
1918 2801 2053 2851 have
2078 2800 2213 2851 been
2238 2818 2270 2850 a
2294 2800 2515 2867 nephew
2539 2815 2610 2849 on
2632 2797 2725 2848 the

450 2883 699 2934 mother’s
717 2883 860 2944 si‹1e;
889 2883 989 2934 but
1013 2884 1058 2933 it
1082 2883 1273 2934 should
1297 2883 1361 2933 be
1387 2883 1668 2934 remarked
1693 2884 1816 2935 that
1841 2884 1895 2934 in
1915 2884 2008 2934 the
2034 2884 2200 2949 Percy
2221 2884 2461 2949 Feodary
2478 2899 2510 2932 a
2529 2882 2723 2947 Hughe

452 2965 652 3029 Percye
681 2966 727 3017 is
751 2970 851 3031 put
873 2966 944 3031 by
970 2965 1065 3017 the
1101 2965 1214 3017 side
1240 2966 1296 3016 of
1320 2966 1465 3017 Will.
1494 2966 1560 3016 (18
1586 2967 1752 3030 Percy
1780 2966 1836 3016 οἱ
1877 2966 2026 3021 1197.
2102 2967 2153 3017 A
2182 2967 2421 3017 William
2456 2965 2523 3016 de
2559 2965 2726 3029 Percy

449 3048 627 3113 junior
650 3048 695 3098 is
720 3049 830 3098 also
853 3048 1043 3098 named
1069 3048 1122 3098 in
1147 3048 1242 3099 the
1267 3064 1409 3098 same
1435 3048 1594 3098 series
1618 3048 1674 3098 of
1697 3048 1947 3111 charters,
1974 3048 2095 3098 who
2124 3047 2169 3098 is
2193 3047 2452 3113 probably
2477 3045 2728 3096 identical

451 3130 586 3180 with
610 3129 908 3181 Willelmus
931 3130 1001 3180 fil.
1030 3130 1249 3181 Ernaldi
1275 3131 1341 3180 de
1370 3131 1552 3195 Percy,
1581 3130 1703 3181 who
1740 3130 1785 3180 is
1821 3135 1932 3180 met
1969 3130 2104 3180 with
2141 3131 2296 3180 twice
2333 3146 2390 3179 as
2427 3146 2459 3180 a
2493 3129 2725 3189 witness,

452 3211 558 3262 and
581 3212 702 3262 who
740 3229 861 3276 may
886 3213 1020 3263 have
1046 3213 1175 3262 been
1215 3213 1552 3280 illegitimate
1576 3230 1635 3264 or
1660 3229 1692 3262 a
1714 3213 1896 3277 priest.
1970 3211 2141 3261 There
2177 3212 2222 3262 is
2258 3212 2369 3262 also
2394 3228 2427 3262 a
2449 3211 2635 3275 Henry
2659 3210 2726 3261 de

454 3294 623 3358 Percy
662 3294 852 3344 named
889 3311 947 3345 as
986 3311 1017 3345 a
1054 3295 1270 3345 witness
1310 3299 1369 3345 to
1408 3295 1502 3346 the
1541 3295 1909 3345 confirmation
1950 3294 2024 3359 by
2060 3295 2300 3345 william
2344 3294 2410 3344 de
2453 3294 2621 3359 Percy
2659 3293 2726 3343 de

455 3374 667 3426 Kildale
704 3376 955 3442 specially
980 3378 1139 3428 noted
1177 3378 1359 3429 above.
1432 3378 1519 3428 He
1555 3393 1681 3443 may
1706 3377 1843 3427 have
1879 3377 2012 3429 been
2052 3394 2083 3427 a
2119 3393 2215 3427 son
2252 3377 2305 3427 oi
2341 3375 2586 3427 Robert’s
2620 3375 2728 3427 and

451 3457 669 3508 brother
693 3458 749 3508 of
783 3458 876 3509 the
911 3465 1139 3526 grantor.
1215 3460 1375 3511 From
1410 3476 1442 3510 a
1478 3460 1775 3511 Conventio
1812 3460 2048 3511 between
2075 3459 2185 3510 this
2210 3459 2443 3509 william
2469 3459 2535 3509 (18
2560 3458 2727 3525 Percy

451 3540 519 3591 de
546 3540 758 3591 Kildale
784 3542 889 3592 and
911 3542 1004 3593 the
1030 3543 1237 3594 Canons
1258 3543 1313 3594 of
1338 3543 1619 3608 Gysburne
1642 3544 1744 3593 “in
1771 3543 1917 3593 curia
1938 3543 2065 3593 Adae
2084 3543 2151 3594 de
2176 3542 2311 3593 Brus
2335 3541 2517 3592 iactast
2537 3541 2725 3607 (Gysb.

452 3621 632 3673 Chart.
663 3624 699 3674 ἱ.
727 3624 880 3687 215b)
917 3626 963 3674 it
999 3625 1046 3675 is
1080 3625 1407 3675 ascertained
1443 3625 1565 3675 that
1600 3625 1669 3675 he
1696 3641 1804 3675 was
1839 3625 1952 3675 still
1991 3625 2157 3692 living
2194 3625 2249 3675 in
2288 3626 2420 3681 1197
2448 3625 2646 3687 (which
2683 3625 2728 3675 is
2769 3624 2772 3627 ’

454 3704 526 3755 its
554 3704 716 3768 date),
750 3705 987 3757 William
1012 3707 1077 3757 de
1101 3707 1284 3772 Percy,
1309 3708 1501 3771 junior,
1534 3708 1646 3758 also
1671 3708 1831 3776 being
1853 3725 1885 3758 a
1909 3708 2141 3759 witness.
2425 3735 2434 3744 ·

522 3832 545 3867 ²
583 3835 796 3901 “Apud
831 3835 986 3886 Ebor.
1025 3835 1113 3886 die
1150 3835 1403 3887 Mercurii
1444 3852 1592 3902 prox.
1632 3840 1768 3901 post.
1806 3836 1842 3886 f.
1884 3837 1934 3887 S.
1976 3836 2251 3888 Laurentii
2293 3835 2728 3902 quint0,—Inter

454 3917 780 3969 Willelmum
818 3917 885 3969 de
926 3919 1094 3983 Percy
1128 3919 1196 3969 (18
1234 3918 1447 3968 Kildale
1489 3922 1545 3969 et
1590 3918 1892 3985 Angnetem
1935 3935 2153 3970 uxorem
2197 3919 2329 3982 ejus,
2368 3921 2625 3982 petentes,
2672 3924 2728 3970 et

451 4001 687 4051 Ivettam
722 3999 789 4050 de
826 4000 1044 4061 Arches,
1078 4004 1367 4060 tenentem,
1393 3999 1460 4050 de
1498 4000 1630 4050 xxix
1665 4000 1785 4051 bov.
1823 4000 1954 4062 t’rre,
1985 4017 2105 4051 cum
2139 4005 2292 4066 pert,
2325 4000 2382 4050 in
2415 3999 2726 4052 Hamerton.

450 4083 620 4134 Proed.
648 4082 830 4133 Ivetta
848 4082 1152 4149 recognovit
1174 4081 1334 4146 praed.
1362 4081 1490 4131 xxix
1514 4081 1636 4133 δον.
1664 4098 1777 4133 esse
1799 4083 1889 4147 jus
1927 4120 1939 4133 .
1979 4122 1991 4134 .
2032 4119 2046 4133 .
2084 4081 2455 4148 praedictorum
2474 4079 2730 4133 Willelmi

448 4170 506 4217 et
533 4165 771 4232 Agnetis,
782 4164 811 4186 ’'
836 4165 1167 4227 etc.—(Feet
1195 4164 1251 4214 oi
1286 4163 1460 4226 Fines,
1484 4167 1722 4229 tempore
1746 4165 1907 4230 Regis
1928 4164 1965 4215 J
1968 4164 2229 4225 ohannis.)
2306 4167 2337 4191 ‘⁴
2357 4160 2629 4213 Walterus
2663 4164 2731 4215 de

451 4248 622 4315 Percy
656 4248 797 4314 petit
833 4263 1015 4297 versus
1052 4245 1372 4311 Magistrum
1415 4245 1711 4310 Hospitalis
1747 4247 1799 4297 S.
1839 4246 2118 4307 Leonardi,
2160 4244 2334 4306 Ebur„
2372 4244 2392 4294 i
2427 4249 2731 4297 carucatam

449 4331 563 4383 t'rae
588 4332 646 4382 in
671 4331 924 4381 Martona
947 4333 1011 4380 ut
1035 4330 1122 4394 jus
1146 4344 1315 4388 suum,
1343 4331 1461 4387 etc„
1490 4332 1545 4377 et
1569 4329 1730 4379 etiam
1755 4333 1819 4380 ut
1841 4328 1962 4378 illas
1986 4329 2127 4378 uude
2156 4330 2336 4394 Agnes
2371 4327 2438 4378 de
2474 4326 2732 4380 Flamma-

450 4415 597 4475 villa,
624 4418 798 4465 mater
820 4428 932 4474 sua,
959 4412 1065 4462 fuit
1088 4410 1285 4471 seisita,
1313 4413 1376 4460 ut
1401 4408 1469 4458 de
1504 4409 1661 4461 feodo
1686 4415 1742 4461 et
1771 4411 1905 4476 jure,
1932 4415 2168 4476 tempore
2195 4410 2354 4476 Regis
2376 4409 2652 4472 Johannis,
2678 4416 2735 4462 et

451 4495 520 4548 de
544 4497 637 4547 illa
660 4500 763 4547 etc.
802 4532 816 4546 .
857 4531 870 4546 .
909 4532 922 4545 .
962 4493 1103 4545 idem
1129 4492 1387 4559 Magister
1411 4507 1516 4541 non
1537 4491 1729 4544 habuit
1764 4494 2057 4559 ingressum
2089 4493 2192 4544 nisi
2216 4508 2311 4558 per
2342 4491 2642 4542 Johannem
2667 4493 2734 4544 de

453 4578 662 4641 Birkin,
687 4576 956 4644 quondam
979 4575 1153 4627 virum
1188 4574 1355 4639 ipsius
1377 4572 1619 4638 Agnetis,
1646 4574 1733 4626 cui
1756 4574 1873 4639 ipsa
1897 4573 1951 4623 in
1978 4573 2093 4625 vita
2115 4590 2212 4625 sua
2235 4571 2593 4624 contradicere
2629 4589 2735 4624 non
