3254 5140
597 545 720 602 660
985 553 1527 606 CARTULARJUM
1564 553 1971 606 ABBATmAE
2007 553 2106 605 DE
2140 540 2510 607 wmrnsY.

589 718 756 781 D’no
801 719 846 783 J
850 717 1107 795 ohanni,
1149 719 1229 783 D.
1272 717 1348 783 G.
1387 717 1726 801 Aybonen’
1758 718 1933 802 Ep’0,
1979 717 2222 795 Simon,
2266 718 2417 784 Div.
2462 717 2874 802 providentia

589 815 872 883 London.
909 818 1125 900 Ep'us,
1169 817 1284 883 sal.
1329 823 1396 882 et
1441 818 1791 882 fraternam
1834 818 1906 881 in
1950 818 2121 882 D'no
2151 818 2503 883 caritatem.
2593 818 2703 882 Ad
2745 819 2874 881 im-

586 915 997 998 pendendum
1042 938 1280 982 munus
1326 917 1796 982 benedictionis
1848 917 2035 981 fratri
2078 918 2126 981 J
2127 916 2389 994 ohanni,
2433 918 2503 981 in
2547 917 2869 981 Abbatem

583 1015 965 1080 Monasterii
996 1016 1076 1080 de
1095 1016 1408 1099 Whiteby
1431 1016 1653 1093 elect0,
1678 1017 2062 1080 auctoritate
2085 1017 2238 1081 Rev.
2261 1018 2465 1101 patris
2496 1017 2566 1081 in
2590 1015 2868 1090 Christe,

583 1115 738 1178 D’ni
780 1115 1155 1193 Alexandri,
1184 1116 1265 1179 D.
1299 1115 1375 1180 G.
1418 1115 1603 1180 Ebor.
1638 1114 2127 1200 Archiepiscopi
2166 1116 2559 1192 confirmate,
2597 1115 2669 1178 in
2707 1135 2866 1198 quo-

583 1234 838 1297 cunque
883 1214 1021 1278 loco
1066 1219 1301 1278 nostrae
1344 1213 1632 1278 civitatis
1675 1234 1791 1278 seu
1839 1214 2184 1291 dioceseos,
2229 1219 2450 1278 nostra
2495 1211 2866 1279 cathedrali

582 1312 874 1377 Ecclesia
918 1312 1367 1377 tantummodo
1411 1317 1703 1394 excepta,
1746 1311 1930 1376 vobis
1975 1332 2088 1376 seu
2135 1312 2500 1396 cuicunque
2546 1311 2866 1395 Episcopo

584 1410 917 1475 Catholico
962 1411 1066 1475 sui
1109 1410 1303 1476 officii
1346 1411 1794 1475 executionem
1834 1410 2159 1494 optinenti
2203 1411 2531 1475 licentiam
2573 1408 2865 1473 concedi-

582 1529 729 1573 mus
788 1514 1007 1574 tenore
1065 1509 1484 1593 praesentium
1543 1508 1905 1593 specialem.
2024 1510 2274 1574 Datum
2333 1509 2507 1592 apud
2558 1507 2864 1572 Hadham

583 1607 797 1672 xxiiim
839 1607 943 1672 die
986 1609 1031 1673 J
1034 1607 1178 1671 unii
1221 1609 1299 1673 A.
1347 1609 1428 1671 D.
1470 1608 1952 1673 wcoemlxxiw
1995 1615 2062 1672 et
2104 1614 2340 1672 nostrae
2368 1607 2866 1672 consecrationis

582 1706 743 1769 xiii0.
834 1706 1085 1783 Quibus
1128 1706 1368 1770 litteris
1411 1705 1582 1771 sicut
1624 1706 1997 1789 praedicitur
2039 1706 2215 1770 dicto
2257 1706 2421 1771 Ven.
2466 1706 2655 1789 patri,
2693 1706 2867 1770 D’no

581 1804 913 1886 Aybonen'
971 1803 1147 1887 Ep’0,
1205 1804 1608 1888 praesentatis
1670 1810 1737 1868 et
1793 1804 2070 1880 traditis,
2128 1809 2196 1868 et
2254 1824 2367 1888 per
2422 1804 2640 1887 ipsum
2696 1804 2864 1869 Ven.

584 1910 832 1985 patrem
890 1923 1040 1967 cum
1097 1903 1456 1968 reverentia
1506 1903 1728 1967 debita
1778 1903 2069 1987 receptis,
2122 1910 2189 1967 et
2239 1924 2355 1987 per
2403 1904 2620 1987 ipsum
2671 1902 2866 1986 plene

583 2001 949 2079 intellectis,
984 2002 1224 2086 optulit
1265 2022 1336 2067 se
1379 2002 1461 2066 ob
1505 2002 1934 2066 reverentiam
1979 2001 2431 2085 praedictorum
2475 2008 2754 2085 patrum,
2799 2009 2867 2066 et

584 2121 804 2165 eorum
833 2102 1212 2166 auctoritate
1256 2121 1332 2166 ea
1360 2121 1505 2185 quae
1535 2121 1654 2165 suo
1683 2100 2147 2165 incumbebant
2177 2100 2384 2165 officio
2413 2100 2763 2183 episcopali
2793 2100 2865 2164 in

584 2199 705 2264 hac
748 2206 929 2284 parte
974 2200 1148 2265 dicto
1192 2200 1375 2263 fratri
1402 2199 1450 2264 J
1451 2198 1696 2263 ohanni
1740 2199 1944 2263 electo
1975 2198 2302 2263 antedicto
2346 2198 2625 2263 libenter
2654 2199 2864 2264 facere

584 2306 651 2363 et
694 2299 1078 2376 ministrare,
1122 2304 1189 2364 et
1232 2298 1543 2363 accedens
1586 2297 1809 2361 statim
1854 2296 1937 2360 ad
1981 2317 2306 2361 summum
2352 2296 2556 2361 altare
2587 2297 2658 2360 in
2688 2297 2864 2362 dicta

586 2398 851 2481 Capella
893 2403 1234 2474 statutum,
1267 2397 1438 2461 idem
1470 2396 1631 2460 Ven.
1662 2403 1865 2479 pater,
1910 2396 2119 2460 D’nus
2162 2395 2360 2479 Ep’us
2389 2396 2748 2479 Aybonen’‚
2793 2417 2864 2461 se

586 2494 1056 2580 episcopalibus
1102 2495 1494 2559 ornamentis
1540 2493 1727 2558 indui
1774 2493 1946 2570 fecit,
1982 2493 2224 2558 eisdem
2269 2514 2385 2578 pro
2433 2493 2639 2559 officio
2670 2496 2864 2560 bene-

586 2594 886 2657 dictionis
951 2594 1021 2657 in
1087 2594 1332 2657 dictum
1402 2593 1664 2658 fratrem
1732 2593 1779 2657 J
1783 2592 2124 2671 ohannem,
2192 2593 2516 2657 Abbatem
2583 2594 2861 2658 electum

584 2691 980 2775 praedictum,
1010 2691 1401 2770 exercend03
1444 2699 1511 2756 et
1553 2693 1624 2755 in
1670 2691 1844 2755 dicto
1887 2691 2085 2756 fratre
2128 2692 2175 2756 J
2179 2691 2431 2756 ohanne
2469 2695 2863 2758 ornamentis

584 2790 711 2854 sibi
753 2810 868 2873 pro
912 2790 1088 2854 dicta
1128 2790 1571 2855 benedictione
1616 2791 1699 2854 ab
1743 2792 1885 2874 ipso
1927 2791 2099 2855 D’no
2144 2790 2463 2875 Episcopo
2509 2791 2862 2856 obtinenda

585 2889 1135 2966 convenientibus,
1182 2889 1398 2954 dict-us
1437 2890 1599 2954 Ven.
1645 2896 1847 2973 pater,
1885 2889 2094 2953 D'nus
2137 2890 2335 2972 Ep’us
2378 2890 2735 2973 Aybonen'‚
2779 2893 2861 2956 ad

585 2989 846 3053 missam
905 2987 1350 3053 celebrandam
1423 2988 1799 3072 praedictam
1855 2988 2368 3053 benedictionem
2429 2989 2604 3054 dicto
2676 2990 2861 3055 fratri

582 3091 627 3152 J
630 3087 870 3153 ohanni
912 3088 1115 3153 electo
1157 3088 1328 3151 infra
1370 3087 1660 3171 ejusdem
1705 3088 1918 3151 missae
1963 3087 2322 3171 solempnia
2363 3087 2859 3171 impendendam

584 3188 894 3272 processit
933 3194 999 3253 et
1043 3187 1408 3253 celebravit.
1496 3186 1584 3249 Et
1626 3205 1776 3249 cum
1818 3187 2111 3269 pervenit
2157 3186 2240 3251 ad
2283 3187 2498 3252 locum
2549 3188 2620 3252 in
2664 3190 2861 3253 missa

583 3287 891 3372 praedicta
933 3286 1304 3351 immediate
1342 3291 1494 3349 ante
1538 3284 1947 3367 evangelium
1990 3283 2248 3361 lectum,
2276 3285 2487 3368 posita
2525 3286 2652 3350 sibi
2681 3287 2857 3350 cath—

583 3386 736 3450 edra
793 3392 944 3450 ante
1003 3384 1251 3449 dictum
1309 3382 1526 3459 altare,
1599 3381 1819 3464 posuit
1877 3401 1964 3458 se,
2030 3402 2105 3446 66
2163 3382 2335 3446 sedit
2390 3383 2461 3446 in
2520 3403 2614 3461 ea,
2665 3385 2858 3448 fratre

582 3488 627 3549 J
628 3484 880 3549 ohanne
922 3483 1127 3548 electo
1171 3504 1251 3547 ex
1296 3482 1561 3546 adverso
1606 3487 1758 3545 ante
1801 3479 2050 3545 dictum
2095 3481 2332 3545 D’num
2363 3482 2580 3565 ipsum
2609 3483 2681 3547 in
2709 3484 2859 3547 sede

579 3604 696 3667 pro
741 3602 809 3646 se
852 3582 936 3646 ad
979 3581 1331 3646 sedendum
1370 3584 1590 3664 aptata
1619 3579 1898 3644 sedente.
1986 3579 2074 3644 Et
2102 3579 2422 3663 incipiens
2452 3581 2665 3645 dictus
2693 3582 2857 3645 Ven.

582 3688 783 3766 pater,
812 3679 1175 3743 antedictus
1220 3679 1419 3762 Ep’us
1446 3678 1805 3761 Aybonen’,
1836 3678 2243 3762 interrogare,
2272 3684 2464 3763 prout
2507 3684 2607 3744 est
2646 3681 2860 3757 morie,

580 3782 829 3846 dictum
873 3780 1134 3843 fratrem
1186 3780 1231 3841 J
1232 3777 1332 3842 oh.
1378 3776 1656 3842 electum
1701 3776 1784 3841 de
1827 3776 2164 3842 voluntate
2209 3784 2276 3841 et
2318 3798 2583 3843 assensu
2634 3780 2857 3843 suis—

577 3878 997 3963 interrogavit
1041 3897 1188 3940 eum
1232 3897 1317 3941 an
1360 3876 1563 3941 vellet
1601 3895 1822 3940 curam
1853 3881 1920 3941 et
1962 3877 2247 3959 regimen
2275 3876 2638 3941 animarum
2666 3879 2856 3942 dictae

576 3978 878 4045 Abbatiae
927 3976 1361 4059 subjectarum
1412 3980 1479 4040 et
1530 3975 1846 4038 bonorum
1897 3975 2185 4058 ejusdem
2237 3976 2453 4040 subire
2506 3982 2573 4041 et
2624 3977 2856 4041 admit-

575 4087 1000 4160 tere-quum
1054 4075 1250 4139 frater
1290 4077 1335 4138 J
1337 4074 1436 4139 oh.
1483 4073 1718 4138 humili
1770 4081 1837 4138 et
1879 4073 2051 4138 clara
2100 4094 2257 4139 voce
2309 4075 2739 4159 responderet,
2790 4083 2854 4140 et

573 4173 1042 4243 verbis—Volo
1071 4181 1138 4238 et
1168 4174 1675 4239 Consentio—se
1705 4172 1875 4237 velle
1916 4173 2155 4237 dictam
2199 4194 2419 4238 curam
2462 4181 2531 4239 et
2568 4175 2854 4259 regimen

576 4276 794 4341 subire
823 4280 889 4338 et
918 4273 1275 4351 admittere,
1303 4277 1370 4337 et
1399 4274 1492 4338 sic
1522 4271 1895 4356 hujusmodi
1924 4271 2430 4355 interrogatoriis
2454 4279 2522 4337 et
2542 4272 2691 4338 aliis
2712 4295 2857 4357 quae

575 4376 647 4438 in
677 4374 872 4456 hujus
901 4372 1094 4436 officii
1122 4370 1591 4436 benedictionis
1620 4370 2055 4453 impendendo
2085 4370 2223 4434 fieri
2250 4371 2634 4449 attinebant,
2664 4391 2854 4436 suum

574 4472 744 4538 velle
787 4471 1064 4557 praebuit
1106 4477 1173 4535 et
1214 4489 1564 4549 assensum,
1595 4476 1663 4535 et
1700 4475 1929 4535 tenens
1958 4469 2024 4533 in
2058 4488 2256 4533 manu
2286 4489 2404 4533 sua
2445 4470 2621 4535 idem
2659 4471 2857 4536 frater
