<?xml version="1.0" encoding="UTF-8"?>
<!DOCTYPE html PUBLIC "-//W3C//DTD XHTML 1.0 Transitional//EN"
    "http://www.w3.org/TR/xhtml1/DTD/xhtml1-transitional.dtd">
<html xmlns="http://www.w3.org/1999/xhtml" xml:lang="en" lang="en">
 <head>
  <title>
</title>
<meta http-equiv="Content-Type" content="text/html;charset=utf-8" />
  <meta name='ocr-system' content='tesseract 3.04.00' />
  <meta name='ocr-capabilities' content='ocr_page ocr_carea ocr_par ocr_line ocrx_word'/>
</head>
<body>
  <div class='ocr_page' id='page_1' title='image "./cartulariumabba02atkigoog_0204.png"; bbox 0 0 3254 5140; ppageno 0'>
   <div class='ocr_carea' id='block_1_1' title="bbox 627 557 2537 620">
    <p class='ocr_par' dir='ltr' id='par_1_1' title="bbox 627 557 2537 620">
     <span class='ocr_line' id='line_1_1' title="bbox 627 557 2537 620; baseline 0.002 -7"><span class='ocrx_word' id='word_1_1' title='bbox 627 557 751 616; x_wconf 67' lang='lat'><strong>544</strong></span> <span class='ocrx_word' id='word_1_2' title='bbox 992 567 1543 620; x_wconf 78' lang='lat' dir='ltr'><strong>CARTULARIUM</strong></span> <span class='ocrx_word' id='word_1_3' title='bbox 1582 566 1987 619; x_wconf 73' lang='lat' dir='ltr'>ABBATHIAE</span> <span class='ocrx_word' id='word_1_4' title='bbox 2033 567 2131 618; x_wconf 87' lang='lat' dir='ltr'><strong>DE</strong></span> <span class='ocrx_word' id='word_1_5' title='bbox 2168 566 2537 619; x_wconf 77' lang='lat' dir='ltr'>WHITEBY.</span> 
     </span>
    </p>
   </div>
   <div class='ocr_carea' id='block_1_2' title="bbox 606 730 2911 4571">
    <p class='ocr_par' dir='ltr' id='par_1_2' title="bbox 606 730 2911 4571">
     <span class='ocr_line' id='line_1_2' title="bbox 622 730 2911 809; baseline -0.001 -15"><span class='ocrx_word' id='word_1_6' title='bbox 622 750 790 797; x_wconf 90' lang='lat' dir='ltr'><strong>succ.</strong></span> <span class='ocrx_word' id='word_1_7' title='bbox 851 732 1104 809; x_wconf 83' lang='lat' dir='ltr'><strong>nostris,</strong></span> <span class='ocrx_word' id='word_1_8' title='bbox 1164 738 1278 795; x_wconf 87' lang='lat' dir='ltr'><strong>aut</strong></span> <span class='ocrx_word' id='word_1_9' title='bbox 1334 752 1550 796; x_wconf 84' lang='lat' dir='ltr'><strong>coram</strong></span> <span class='ocrx_word' id='word_1_10' title='bbox 1610 732 1657 795; x_wconf 82' lang='lat' dir='ltr'>J</span> <span class='ocrx_word' id='word_1_11' title='bbox 1662 732 1842 796; x_wconf 76' lang='lat' dir='ltr'><strong>ustio,</strong></span> <span class='ocrx_word' id='word_1_12' title='bbox 1905 732 2157 807; x_wconf 86' lang='lat' dir='ltr'><strong>nostris,</strong></span> <span class='ocrx_word' id='word_1_13' title='bbox 2203 731 2530 796; x_wconf 86' lang='lat' dir='ltr'><strong>haeredum</strong></span> <span class='ocrx_word' id='word_1_14' title='bbox 2578 730 2681 795; x_wconf 83' lang='lat' dir='ltr'><strong>vel</strong></span> <span class='ocrx_word' id='word_1_15' title='bbox 2739 749 2911 793; x_wconf 85' lang='lat' dir='ltr'><strong>succ.</strong></span> 
     </span>
     <span class='ocr_line' id='line_1_3' title="bbox 623 829 2891 914; baseline -0.001 -21"><span class='ocrx_word' id='word_1_16' title='bbox 623 838 1005 908; x_wconf 88' lang='lat' dir='ltr'><strong>nostrorum,</strong></span> <span class='ocrx_word' id='word_1_17' title='bbox 1062 831 1147 895; x_wconf 91' lang='lat' dir='ltr'><strong>ad</strong></span> <span class='ocrx_word' id='word_1_18' title='bbox 1204 831 1446 914; x_wconf 85' lang='lat' dir='ltr'><strong>placita</strong></span> <span class='ocrx_word' id='word_1_19' title='bbox 1504 852 1714 896; x_wconf 86' lang='lat' dir='ltr'><strong>coram</strong></span> <span class='ocrx_word' id='word_1_20' title='bbox 1782 830 1985 905; x_wconf 91' lang='lat' dir='ltr'><strong>nobis,</strong></span> <span class='ocrx_word' id='word_1_21' title='bbox 2045 829 2191 894; x_wconf 83' lang='lat' dir='ltr'><strong>haer.</strong></span> <span class='ocrx_word' id='word_1_22' title='bbox 2251 830 2359 894; x_wconf 86' lang='lat' dir='ltr'><strong>vel</strong></span> <span class='ocrx_word' id='word_1_23' title='bbox 2424 851 2591 894; x_wconf 88' lang='lat' dir='ltr'><strong>succ.</strong></span> <span class='ocrx_word' id='word_1_24' title='bbox 2653 829 2891 893; x_wconf 85' lang='lat' dir='ltr'><strong>nostris</strong></span> 
     </span>
     <span class='ocr_line' id='line_1_4' title="bbox 621 928 2911 1015; baseline -0.001 -22"><span class='ocrx_word' id='word_1_25' title='bbox 621 931 876 994; x_wconf 86' lang='lat' dir='ltr'><strong>tenend.</strong></span> <span class='ocrx_word' id='word_1_26' title='bbox 909 931 1113 1015; x_wconf 68' lang='lat' dir='ltr'><strong>assig„</strong></span> <span class='ocrx_word' id='word_1_27' title='bbox 1143 951 1257 994; x_wconf 90' lang='lat' dir='ltr'><strong>seu</strong></span> <span class='ocrx_word' id='word_1_28' title='bbox 1296 951 1507 995; x_wconf 89' lang='lat' dir='ltr'><strong>coram</strong></span> <span class='ocrx_word' id='word_1_29' title='bbox 1553 931 1599 994; x_wconf 82' lang='lat' dir='ltr'>J</span> <span class='ocrx_word' id='word_1_30' title='bbox 1603 930 1951 994; x_wconf 87' lang='lat' dir='ltr'><strong>usticiariis</strong></span> <span class='ocrx_word' id='word_1_31' title='bbox 1992 931 2230 994; x_wconf 86' lang='lat' dir='ltr'><strong>nostris</strong></span> <span class='ocrx_word' id='word_1_32' title='bbox 2262 930 2342 994; x_wconf 93' lang='lat' dir='ltr'><strong>de</strong></span> <span class='ocrx_word' id='word_1_33' title='bbox 2371 951 2503 994; x_wconf 92' lang='lat' dir='ltr'><strong>uno</strong></span> <span class='ocrx_word' id='word_1_34' title='bbox 2536 930 2768 1003; x_wconf 89' lang='lat' dir='ltr'><strong>Banco,</strong></span> <span class='ocrx_word' id='word_1_35' title='bbox 2798 928 2911 991; x_wconf 88' lang='lat' dir='ltr'><strong>vel</strong></span> 
     </span>
     <span class='ocr_line' id='line_1_5' title="bbox 621 1026 2907 1105; baseline -0 -14"><span class='ocrx_word' id='word_1_36' title='bbox 621 1028 702 1091; x_wconf 93' lang='lat' dir='ltr'><strong>de</strong></span> <span class='ocrx_word' id='word_1_37' title='bbox 732 1029 949 1105; x_wconf 85' lang='lat' dir='ltr'><strong>altero,</strong></span> <span class='ocrx_word' id='word_1_38' title='bbox 978 1030 1083 1093; x_wconf 88' lang='lat' dir='ltr'><strong>vel</strong></span> <span class='ocrx_word' id='word_1_39' title='bbox 1114 1050 1326 1093; x_wconf 89' lang='lat' dir='ltr'><strong>coram</strong></span> <span class='ocrx_word' id='word_1_40' title='bbox 1358 1029 1559 1105; x_wconf 91' lang='lat' dir='ltr'><strong>nobis,</strong></span> <span class='ocrx_word' id='word_1_41' title='bbox 1590 1028 1758 1104; x_wconf 88' lang='lat' dir='ltr'><strong>haer.,</strong></span> <span class='ocrx_word' id='word_1_42' title='bbox 1787 1029 1892 1092; x_wconf 86' lang='lat' dir='ltr'><strong>vel</strong></span> <span class='ocrx_word' id='word_1_43' title='bbox 1924 1049 2090 1092; x_wconf 92' lang='lat' dir='ltr'><strong>succ.</strong></span> <span class='ocrx_word' id='word_1_44' title='bbox 2123 1028 2359 1092; x_wconf 90' lang='lat' dir='ltr'><strong>nostris</strong></span> <span class='ocrx_word' id='word_1_45' title='bbox 2405 1028 2475 1091; x_wconf 90' lang='lat' dir='ltr'><strong>in</strong></span> <span class='ocrx_word' id='word_1_46' title='bbox 2510 1026 2907 1093; x_wconf 87' lang='lat' dir='ltr'><strong>Cancellaria</strong></span> 
     </span>
     <span class='ocr_line' id='line_1_6' title="bbox 624 1126 2904 1204; baseline -0.001 -15"><span class='ocrx_word' id='word_1_47' title='bbox 624 1134 857 1204; x_wconf 90' lang='lat' dir='ltr'><strong>nostra,</strong></span> <span class='ocrx_word' id='word_1_48' title='bbox 888 1127 1211 1191; x_wconf 87' lang='lat' dir='ltr'><strong>haeredum</strong></span> <span class='ocrx_word' id='word_1_49' title='bbox 1244 1127 1351 1191; x_wconf 86' lang='lat' dir='ltr'><strong>vel</strong></span> <span class='ocrx_word' id='word_1_50' title='bbox 1381 1147 1649 1192; x_wconf 89' lang='lat' dir='ltr'><strong>success.</strong></span> <span class='ocrx_word' id='word_1_51' title='bbox 1683 1135 2063 1202; x_wconf 89' lang='lat' dir='ltr'><strong>nostrorum,</strong></span> <span class='ocrx_word' id='word_1_52' title='bbox 2095 1132 2210 1190; x_wconf 87' lang='lat' dir='ltr'><strong>aut</strong></span> <span class='ocrx_word' id='word_1_53' title='bbox 2239 1147 2451 1191; x_wconf 88' lang='lat' dir='ltr'><strong>coram</strong></span> <span class='ocrx_word' id='word_1_54' title='bbox 2486 1126 2904 1191; x_wconf 90' lang='lat' dir='ltr'><strong>Thesaurario</strong></span> 
     </span>
     <span class='ocr_line' id='line_1_7' title="bbox 621 1225 2905 1301; baseline -0.001 -11"><span class='ocrx_word' id='word_1_55' title='bbox 621 1233 688 1290; x_wconf 90' lang='lat' dir='ltr'><strong>et</strong></span> <span class='ocrx_word' id='word_1_56' title='bbox 748 1227 1105 1291; x_wconf 72' lang='lat' dir='ltr'><strong>Beronibus</strong></span> <span class='ocrx_word' id='word_1_57' title='bbox 1164 1227 1244 1290; x_wconf 92' lang='lat' dir='ltr'><strong>de</strong></span> <span class='ocrx_word' id='word_1_58' title='bbox 1303 1226 1633 1292; x_wconf 87' lang='lat' dir='ltr'><strong>Scaccario</strong></span> <span class='ocrx_word' id='word_1_59' title='bbox 1694 1231 1929 1301; x_wconf 87' lang='lat' dir='ltr'><strong>nostro,</strong></span> <span class='ocrx_word' id='word_1_60' title='bbox 1984 1226 2085 1289; x_wconf 90' lang='lat' dir='ltr'><strong>vel</strong></span> <span class='ocrx_word' id='word_1_61' title='bbox 2142 1247 2355 1289; x_wconf 89' lang='lat' dir='ltr'><strong>coram</strong></span> <span class='ocrx_word' id='word_1_62' title='bbox 2414 1225 2778 1291; x_wconf 88' lang='lat' dir='ltr'><strong>Senescallo</strong></span> <span class='ocrx_word' id='word_1_63' title='bbox 2836 1232 2905 1288; x_wconf 91' lang='lat' dir='ltr'><strong>et</strong></span> 
     </span>
     <span class='ocr_line' id='line_1_8' title="bbox 625 1323 2900 1407; baseline -0 -20"><span class='ocrx_word' id='word_1_64' title='bbox 625 1324 1019 1401; x_wconf 87' lang='lat' dir='ltr'><strong>Marescallo‚</strong></span> <span class='ocrx_word' id='word_1_65' title='bbox 1050 1325 1155 1389; x_wconf 87' lang='lat' dir='ltr'><strong>vel</strong></span> <span class='ocrx_word' id='word_1_66' title='bbox 1201 1323 1448 1389; x_wconf 91' lang='lat' dir='ltr'><strong>Clerico</strong></span> <span class='ocrx_word' id='word_1_67' title='bbox 1492 1325 1760 1388; x_wconf 88' lang='lat' dir='ltr'><strong>Mercati</strong></span> <span class='ocrx_word' id='word_1_68' title='bbox 1809 1324 2098 1407; x_wconf 87' lang='lat' dir='ltr'><strong>Hospitii</strong></span> <span class='ocrx_word' id='word_1_69' title='bbox 2144 1324 2365 1399; x_wconf 81' lang='lat' dir='ltr'><strong>nostri,</strong></span> <span class='ocrx_word' id='word_1_70' title='bbox 2401 1324 2550 1387; x_wconf 83' lang='lat' dir='ltr'><strong>haer.</strong></span> <span class='ocrx_word' id='word_1_71' title='bbox 2581 1323 2688 1387; x_wconf 88' lang='lat' dir='ltr'><strong>vel</strong></span> <span class='ocrx_word' id='word_1_72' title='bbox 2732 1343 2900 1387; x_wconf 86' lang='lat' dir='ltr'><strong>suec.</strong></span> 
     </span>
     <span class='ocr_line' id='line_1_9' title="bbox 622 1421 2900 1499; baseline -0.001 -13"><span class='ocrx_word' id='word_1_73' title='bbox 622 1430 1001 1499; x_wconf 86' lang='lat' dir='ltr'><strong>nostrorum,</strong></span> <span class='ocrx_word' id='word_1_74' title='bbox 1062 1430 1179 1487; x_wconf 87' lang='lat' dir='ltr'><strong>aut</strong></span> <span class='ocrx_word' id='word_1_75' title='bbox 1236 1444 1449 1487; x_wconf 91' lang='lat' dir='ltr'><strong>coram</strong></span> <span class='ocrx_word' id='word_1_76' title='bbox 1508 1425 1554 1488; x_wconf 82' lang='lat' dir='ltr'>J</span> <span class='ocrx_word' id='word_1_77' title='bbox 1557 1424 1741 1487; x_wconf 85' lang='lat' dir='ltr'><strong>ustie.</strong></span> <span class='ocrx_word' id='word_1_78' title='bbox 1804 1423 2060 1499; x_wconf 89' lang='lat' dir='ltr'><strong>nostris,</strong></span> <span class='ocrx_word' id='word_1_79' title='bbox 2113 1421 2256 1486; x_wconf 85' lang='lat' dir='ltr'><strong>haer.</strong></span> <span class='ocrx_word' id='word_1_80' title='bbox 2312 1422 2419 1486; x_wconf 85' lang='lat' dir='ltr'><strong>vel</strong></span> <span class='ocrx_word' id='word_1_81' title='bbox 2476 1443 2644 1487; x_wconf 92' lang='lat' dir='ltr'><strong>succ.</strong></span> <span class='ocrx_word' id='word_1_82' title='bbox 2706 1429 2900 1486; x_wconf 86' lang='lat' dir='ltr'><strong>nostr.</strong></span> 
     </span>
     <span class='ocr_line' id='line_1_10' title="bbox 623 1520 2899 1598; baseline -0 -13"><span class='ocrx_word' id='word_1_83' title='bbox 623 1522 1095 1586; x_wconf 85' lang='lat' dir='ltr'><strong>Itinerantibus</strong></span> <span class='ocrx_word' id='word_1_84' title='bbox 1155 1522 1237 1585; x_wconf 90' lang='lat' dir='ltr'><strong>ad</strong></span> <span class='ocrx_word' id='word_1_85' title='bbox 1292 1522 1678 1587; x_wconf 83' lang='lat' dir='ltr'><strong>Communia</strong></span> <span class='ocrx_word' id='word_1_86' title='bbox 1727 1521 1979 1586; x_wconf 74' lang='lat' dir='ltr'><strong>Placita</strong></span> <span class='ocrx_word' id='word_1_87' title='bbox 2037 1529 2104 1586; x_wconf 87' lang='lat' dir='ltr'><strong>et</strong></span> <span class='ocrx_word' id='word_1_88' title='bbox 2156 1522 2405 1585; x_wconf 88' lang='lat' dir='ltr'><strong>Placita</strong></span> <span class='ocrx_word' id='word_1_89' title='bbox 2457 1522 2741 1598; x_wconf 86' lang='lat' dir='ltr'><strong>Coronae,</strong></span> <span class='ocrx_word' id='word_1_90' title='bbox 2793 1520 2899 1584; x_wconf 86' lang='lat' dir='ltr'><strong>vel</strong></span> 
     </span>
     <span class='ocr_line' id='line_1_11' title="bbox 621 1620 2898 1697; baseline -0 -13"><span class='ocrx_word' id='word_1_91' title='bbox 621 1620 704 1684; x_wconf 91' lang='lat' dir='ltr'><strong>ad</strong></span> <span class='ocrx_word' id='word_1_92' title='bbox 751 1620 1001 1685; x_wconf 87' lang='lat' dir='ltr'><strong>Placita</strong></span> <span class='ocrx_word' id='word_1_93' title='bbox 1045 1622 1340 1697; x_wconf 83' lang='lat' dir='ltr'><strong>Forestae,</strong></span> <span class='ocrx_word' id='word_1_94' title='bbox 1393 1620 1499 1685; x_wconf 87' lang='lat' dir='ltr'><strong>vel</strong></span> <span class='ocrx_word' id='word_1_95' title='bbox 1542 1641 1756 1685; x_wconf 90' lang='lat' dir='ltr'><strong>coram</strong></span> <span class='ocrx_word' id='word_1_96' title='bbox 1802 1622 1848 1685; x_wconf 82' lang='lat' dir='ltr'>J</span> <span class='ocrx_word' id='word_1_97' title='bbox 1853 1621 2038 1685; x_wconf 90' lang='lat' dir='ltr'><strong>ustic.</strong></span> <span class='ocrx_word' id='word_1_98' title='bbox 2085 1621 2339 1696; x_wconf 87' lang='lat' dir='ltr'><strong>nostris,</strong></span> <span class='ocrx_word' id='word_1_99' title='bbox 2391 1620 2539 1684; x_wconf 79' lang='lat' dir='ltr'><strong>haer.</strong></span> <span class='ocrx_word' id='word_1_100' title='bbox 2585 1620 2694 1684; x_wconf 88' lang='lat' dir='ltr'><strong>vel</strong></span> <span class='ocrx_word' id='word_1_101' title='bbox 2731 1640 2898 1684; x_wconf 88' lang='lat' dir='ltr'><strong>succ.</strong></span> 
     </span>
     <span class='ocr_line' id='line_1_12' title="bbox 621 1718 2898 1803; baseline 0 -21"><span class='ocrx_word' id='word_1_102' title='bbox 621 1724 1000 1796; x_wconf 87' lang='lat' dir='ltr'><strong>nostrorum,</strong></span> <span class='ocrx_word' id='word_1_103' title='bbox 1055 1719 1135 1783; x_wconf 88' lang='lat' dir='ltr'><strong>ad</strong></span> <span class='ocrx_word' id='word_1_104' title='bbox 1198 1719 1487 1796; x_wconf 86' lang='lat' dir='ltr'><strong>felonias,</strong></span> <span class='ocrx_word' id='word_1_105' title='bbox 1547 1720 2099 1803; x_wconf 86' lang='lat' dir='ltr'><strong>transgressiones,</strong></span> <span class='ocrx_word' id='word_1_106' title='bbox 2158 1718 2264 1782; x_wconf 85' lang='lat' dir='ltr'><strong>vel</strong></span> <span class='ocrx_word' id='word_1_107' title='bbox 2323 1719 2483 1783; x_wconf 86' lang='lat' dir='ltr'><strong>alias</strong></span> <span class='ocrx_word' id='word_1_108' title='bbox 2546 1740 2648 1784; x_wconf 90' lang='lat' dir='ltr'><strong>res</strong></span> <span class='ocrx_word' id='word_1_109' title='bbox 2707 1739 2898 1802; x_wconf 88' lang='lat' dir='ltr'><strong>quas-</strong></span> 
     </span>
     <span class='ocr_line' id='line_1_13' title="bbox 620 1817 2898 1902; baseline -0 -21"><span class='ocrx_word' id='word_1_110' title='bbox 620 1839 892 1902; x_wconf 83' lang='lat' dir='ltr'><strong>cunque,</strong></span> <span class='ocrx_word' id='word_1_111' title='bbox 911 1824 1045 1882; x_wconf 83' lang='lat' dir='ltr'><strong>tam</strong></span> <span class='ocrx_word' id='word_1_112' title='bbox 1076 1818 1157 1881; x_wconf 85' lang='lat' dir='ltr'><strong>ad</strong></span> <span class='ocrx_word' id='word_1_113' title='bbox 1189 1825 1431 1882; x_wconf 88' lang='lat' dir='ltr'><strong>sectam</strong></span> <span class='ocrx_word' id='word_1_114' title='bbox 1453 1824 1756 1894; x_wconf 87' lang='lat' dir='ltr'><strong>nostram,</strong></span> <span class='ocrx_word' id='word_1_115' title='bbox 1786 1818 1932 1881; x_wconf 83' lang='lat' dir='ltr'><strong>haer.</strong></span> <span class='ocrx_word' id='word_1_116' title='bbox 1965 1817 2072 1882; x_wconf 86' lang='lat' dir='ltr'><strong>vel</strong></span> <span class='ocrx_word' id='word_1_117' title='bbox 2102 1838 2270 1882; x_wconf 89' lang='lat' dir='ltr'><strong>succ.</strong></span> <span class='ocrx_word' id='word_1_118' title='bbox 2294 1825 2678 1894; x_wconf 87' lang='lat' dir='ltr'><strong>nostrorum,</strong></span> <span class='ocrx_word' id='word_1_119' title='bbox 2700 1837 2898 1900; x_wconf 83' lang='lat' dir='ltr'><strong>quam</strong></span> 
     </span>
     <span class='ocr_line' id='line_1_14' title="bbox 617 1916 2902 2001; baseline -0 -21"><span class='ocrx_word' id='word_1_120' title='bbox 617 1916 891 1982; x_wconf 86' lang='lat' dir='ltr'><strong>aliorum</strong></span> <span class='ocrx_word' id='word_1_121' title='bbox 935 1937 1483 2001; x_wconf 86' lang='lat' dir='ltr'><strong>quorumcunque,</strong></span> <span class='ocrx_word' id='word_1_122' title='bbox 1525 1916 1634 1981; x_wconf 88' lang='lat' dir='ltr'><strong>vel</strong></span> <span class='ocrx_word' id='word_1_123' title='bbox 1686 1916 1951 1981; x_wconf 81' lang='lat' dir='ltr'><strong>alterius</strong></span> <span class='ocrx_word' id='word_1_124' title='bbox 2002 1917 2445 1999; x_wconf 87' lang='lat' dir='ltr'><strong>cujuscunque</strong></span> <span class='ocrx_word' id='word_1_125' title='bbox 2490 1917 2785 1980; x_wconf 88' lang='lat' dir='ltr'><strong>audiend.</strong></span> <span class='ocrx_word' id='word_1_126' title='bbox 2832 1923 2902 1980; x_wconf 87' lang='lat' dir='ltr'><strong>et</strong></span> 
     </span>
     <span class='ocr_line' id='line_1_15' title="bbox 618 2014 2899 2100; baseline -0.001 -20"><span class='ocrx_word' id='word_1_127' title='bbox 618 2016 1000 2080; x_wconf 78' lang='lat' dir='ltr'><strong>terminand</strong></span> <span class='ocrx_word' id='word_1_128' title='bbox 1055 2016 1309 2100; x_wconf 85' lang='lat' dir='ltr'><strong>assign.‚</strong></span> <span class='ocrx_word' id='word_1_129' title='bbox 1355 2015 1461 2087; x_wconf 82' lang='lat' dir='ltr'><strong>vel</strong></span> <span class='ocrx_word' id='word_1_130' title='bbox 1513 2035 1727 2079; x_wconf 84' lang='lat' dir='ltr'><strong>coram</strong></span> <span class='ocrx_word' id='word_1_131' title='bbox 1784 2016 1829 2079; x_wconf 85' lang='lat' dir='ltr'><strong>J</strong></span> <span class='ocrx_word' id='word_1_132' title='bbox 1832 2015 2016 2078; x_wconf 86' lang='lat' dir='ltr'><strong>ustio.</strong></span> <span class='ocrx_word' id='word_1_133' title='bbox 2067 2014 2321 2090; x_wconf 90' lang='lat' dir='ltr'><strong>nostris,</strong></span> <span class='ocrx_word' id='word_1_134' title='bbox 2373 2014 2519 2078; x_wconf 88' lang='lat' dir='ltr'><strong>haer.</strong></span> <span class='ocrx_word' id='word_1_135' title='bbox 2565 2014 2672 2078; x_wconf 84' lang='lat' dir='ltr'><strong>vel</strong></span> <span class='ocrx_word' id='word_1_136' title='bbox 2728 2036 2899 2078; x_wconf 89' lang='lat' dir='ltr'><strong>succ.</strong></span> 
     </span>
     <span class='ocr_line' id='line_1_16' title="bbox 618 2113 2899 2198; baseline -0 -20"><span class='ocrx_word' id='word_1_137' title='bbox 618 2121 997 2188; x_wconf 83' lang='lat' dir='ltr'><strong>nostrorum,</strong></span> <span class='ocrx_word' id='word_1_138' title='bbox 1028 2115 1109 2179; x_wconf 92' lang='lat' dir='ltr'><strong>ad</strong></span> <span class='ocrx_word' id='word_1_139' title='bbox 1146 2115 1380 2179; x_wconf 88' lang='lat' dir='ltr'><strong>assisas</strong></span> <span class='ocrx_word' id='word_1_140' title='bbox 1417 2115 1689 2198; x_wconf 87' lang='lat' dir='ltr'><strong>juratas,</strong></span> <span class='ocrx_word' id='word_1_141' title='bbox 1719 2122 1786 2179; x_wconf 87' lang='lat' dir='ltr'><strong>et</strong></span> <span class='ocrx_word' id='word_1_142' title='bbox 1814 2114 2322 2189; x_wconf 75' lang='lat' dir='ltr'><strong>certificationeS,</strong></span> <span class='ocrx_word' id='word_1_143' title='bbox 2352 2120 2466 2177; x_wconf 87' lang='lat' dir='ltr'><strong>aut</strong></span> <span class='ocrx_word' id='word_1_144' title='bbox 2494 2113 2653 2178; x_wconf 87' lang='lat' dir='ltr'><strong>alias</strong></span> <span class='ocrx_word' id='word_1_145' title='bbox 2683 2115 2899 2198; x_wconf 88' lang='lat' dir='ltr'><strong>inqui-</strong></span> 
     </span>
     <span class='ocr_line' id='line_1_17' title="bbox 616 2205 2904 2297; baseline -0.001 -19"><span class='ocrx_word' id='word_1_146' title='bbox 616 2214 882 2278; x_wconf 77' lang='lat' dir='ltr'>sitiones</span> <span class='ocrx_word' id='word_1_147' title='bbox 937 2234 1354 2297; x_wconf 87' lang='lat' dir='ltr'><strong>quascunque</strong></span> <span class='ocrx_word' id='word_1_148' title='bbox 1409 2213 1716 2296; x_wconf 88' lang='lat' dir='ltr'><strong>capiend.,</strong></span> <span class='ocrx_word' id='word_1_149' title='bbox 1768 2218 1836 2277; x_wconf 85' lang='lat' dir='ltr'><strong>et</strong></span> <span class='ocrx_word' id='word_1_150' title='bbox 1881 2214 2098 2296; x_wconf 82' lang='lat' dir='ltr'><strong>gaolas</strong></span> <span class='ocrx_word' id='word_1_151' title='bbox 2146 2205 2596 2276; x_wconf 81' lang='lat' dir='ltr'><strong>deliberandas</strong></span> <span class='ocrx_word' id='word_1_152' title='bbox 2642 2213 2874 2297; x_wconf 87' lang='lat' dir='ltr'><strong>assign.</strong></span> <span class='ocrx_word' id='word_1_153' title='bbox 2891 2264 2904 2286; x_wconf 87' lang='lat'><strong>,</strong></span> 
     </span>
     <span class='ocr_line' id='line_1_18' title="bbox 616 2311 2899 2388; baseline -0 -12"><span class='ocrx_word' id='word_1_154' title='bbox 616 2312 723 2377; x_wconf 86' lang='lat' dir='ltr'><strong>vel</strong></span> <span class='ocrx_word' id='word_1_155' title='bbox 757 2333 970 2377; x_wconf 88' lang='lat' dir='ltr'><strong>coram</strong></span> <span class='ocrx_word' id='word_1_156' title='bbox 1017 2312 1409 2376; x_wconf 90' lang='lat' dir='ltr'><strong>Custodibus</strong></span> <span class='ocrx_word' id='word_1_157' title='bbox 1457 2312 1642 2376; x_wconf 82' lang='lat' dir='ltr'>Pacis</span> <span class='ocrx_word' id='word_1_158' title='bbox 1687 2316 1941 2387; x_wconf 73' lang='lat' dir='ltr'><strong>nostrae,</strong></span> <span class='ocrx_word' id='word_1_159' title='bbox 1985 2311 2134 2376; x_wconf 84' lang='lat' dir='ltr'><strong>haer.</strong></span> <span class='ocrx_word' id='word_1_160' title='bbox 2166 2311 2271 2376; x_wconf 86' lang='lat' dir='ltr'><strong>vel</strong></span> <span class='ocrx_word' id='word_1_161' title='bbox 2316 2332 2481 2376; x_wconf 89' lang='lat' dir='ltr'><strong>succ.</strong></span> <span class='ocrx_word' id='word_1_162' title='bbox 2514 2318 2899 2388; x_wconf 89' lang='lat' dir='ltr'><strong>nostrorum,</strong></span> 
     </span>
     <span class='ocr_line' id='line_1_19' title="bbox 614 2410 2897 2486; baseline 0 -11"><span class='ocrx_word' id='word_1_163' title='bbox 614 2411 721 2475; x_wconf 84' lang='lat' dir='ltr'><strong>vel</strong></span> <span class='ocrx_word' id='word_1_164' title='bbox 765 2432 977 2475; x_wconf 90' lang='lat' dir='ltr'><strong>coram</strong></span> <span class='ocrx_word' id='word_1_165' title='bbox 1021 2411 1066 2474; x_wconf 87' lang='lat' dir='ltr'><strong>J</strong></span> <span class='ocrx_word' id='word_1_166' title='bbox 1070 2411 1253 2475; x_wconf 87' lang='lat' dir='ltr'><strong>ustio.</strong></span> <span class='ocrx_word' id='word_1_167' title='bbox 1299 2411 1555 2486; x_wconf 78' lang='lat' dir='ltr'><strong>nostriS,</strong></span> <span class='ocrx_word' id='word_1_168' title='bbox 1602 2410 1748 2475; x_wconf 86' lang='lat' dir='ltr'><strong>haer.</strong></span> <span class='ocrx_word' id='word_1_169' title='bbox 1787 2411 1892 2476; x_wconf 89' lang='lat' dir='ltr'><strong>vel</strong></span> <span class='ocrx_word' id='word_1_170' title='bbox 1936 2431 2100 2475; x_wconf 89' lang='lat' dir='ltr'><strong>succ.</strong></span> <span class='ocrx_word' id='word_1_171' title='bbox 2148 2418 2364 2486; x_wconf 66' lang='lat' dir='ltr'><strong>nostr„</strong></span> <span class='ocrx_word' id='word_1_172' title='bbox 2399 2412 2481 2475; x_wconf 90' lang='lat' dir='ltr'><strong>ad</strong></span> <span class='ocrx_word' id='word_1_173' title='bbox 2540 2416 2786 2475; x_wconf 85' lang='lat' dir='ltr'><strong>statuta</strong></span> <span class='ocrx_word' id='word_1_174' title='bbox 2828 2419 2897 2475; x_wconf 84' lang='lat' dir='ltr'><strong>et</strong></span> 
     </span>
     <span class='ocr_line' id='line_1_20' title="bbox 615 2509 2897 2588; baseline 0.001 -15"><span class='ocrx_word' id='word_1_175' title='bbox 615 2509 1046 2574; x_wconf 78' lang='lat' dir='ltr'>ordinationes</span> <span class='ocrx_word' id='word_1_176' title='bbox 1092 2509 1171 2573; x_wconf 91' lang='lat' dir='ltr'><strong>de</strong></span> <span class='ocrx_word' id='word_1_177' title='bbox 1212 2510 1584 2587; x_wconf 79' lang='lat' dir='ltr'><strong>artificibus,</strong></span> <span class='ocrx_word' id='word_1_178' title='bbox 1614 2509 2097 2587; x_wconf 86' lang='lat' dir='ltr'><strong>laboratoribus,</strong></span> <span class='ocrx_word' id='word_1_179' title='bbox 2133 2510 2579 2588; x_wconf 86' lang='lat' dir='ltr'><strong>servientibus,</strong></span> <span class='ocrx_word' id='word_1_180' title='bbox 2610 2515 2677 2574; x_wconf 86' lang='lat' dir='ltr'><strong>et</strong></span> <span class='ocrx_word' id='word_1_181' title='bbox 2703 2509 2897 2575; x_wconf 85' lang='lat' dir='ltr'><strong>vitel-</strong></span> 
     </span>
     <span class='ocr_line' id='line_1_21' title="bbox 614 2608 2893 2693; baseline 0 -20"><span class='ocrx_word' id='word_1_182' title='bbox 614 2609 811 2684; x_wconf 90' lang='lat' dir='ltr'><strong>lariis‚</strong></span> <span class='ocrx_word' id='word_1_183' title='bbox 841 2629 914 2672; x_wconf 89' lang='lat' dir='ltr'><strong>ac</strong></span> <span class='ocrx_word' id='word_1_184' title='bbox 945 2608 1138 2671; x_wconf 81' lang='lat' dir='ltr'><strong>etiam</strong></span> <span class='ocrx_word' id='word_1_185' title='bbox 1170 2608 1251 2672; x_wconf 91' lang='lat' dir='ltr'><strong>de</strong></span> <span class='ocrx_word' id='word_1_186' title='bbox 1296 2609 1686 2692; x_wconf 84' lang='lat' dir='ltr'><strong>ponderibus</strong></span> <span class='ocrx_word' id='word_1_187' title='bbox 1718 2616 1784 2674; x_wconf 87' lang='lat' dir='ltr'><strong>et</strong></span> <span class='ocrx_word' id='word_1_188' title='bbox 1818 2610 2137 2673; x_wconf 82' lang='lat' dir='ltr'><strong>mensuris</strong></span> <span class='ocrx_word' id='word_1_189' title='bbox 2177 2610 2629 2673; x_wconf 84' lang='lat' dir='ltr'><strong>conservandis</strong></span> <span class='ocrx_word' id='word_1_190' title='bbox 2659 2610 2893 2693; x_wconf 86' lang='lat' dir='ltr'><strong>assign.</strong></span> 
     </span>
     <span class='ocr_line' id='line_1_22' title="bbox 615 2707 2897 2790; baseline 0 -19"><span class='ocrx_word' id='word_1_191' title='bbox 615 2707 719 2771; x_wconf 87' lang='lat' dir='ltr'><strong>vel</strong></span> <span class='ocrx_word' id='word_1_192' title='bbox 765 2707 1143 2790; x_wconf 65' lang='lat' dir='ltr'><strong>assignand„</strong></span> <span class='ocrx_word' id='word_1_193' title='bbox 1187 2711 1302 2770; x_wconf 89' lang='lat' dir='ltr'><strong>aut</strong></span> <span class='ocrx_word' id='word_1_194' title='bbox 1345 2728 1558 2771; x_wconf 89' lang='lat' dir='ltr'><strong>coram</strong></span> <span class='ocrx_word' id='word_1_195' title='bbox 1601 2707 1961 2772; x_wconf 90' lang='lat' dir='ltr'><strong>Admirallo</strong></span> <span class='ocrx_word' id='word_1_196' title='bbox 2006 2729 2119 2772; x_wconf 92' lang='lat' dir='ltr'><strong>seu</strong></span> <span class='ocrx_word' id='word_1_197' title='bbox 2166 2708 2449 2772; x_wconf 78' lang='lat' dir='ltr'><strong>Custode</strong></span> <span class='ocrx_word' id='word_1_198' title='bbox 2494 2708 2759 2784; x_wconf 71' lang='lat' dir='ltr'><strong>March„</strong></span> <span class='ocrx_word' id='word_1_199' title='bbox 2787 2708 2897 2773; x_wconf 88' lang='lat' dir='ltr'><strong>vel</strong></span> 
     </span>
     <span class='ocr_line' id='line_1_23' title="bbox 614 2806 2895 2890; baseline 0 -19"><span class='ocrx_word' id='word_1_200' title='bbox 614 2826 824 2871; x_wconf 90' lang='lat' dir='ltr'><strong>coram</strong></span> <span class='ocrx_word' id='word_1_201' title='bbox 875 2806 1366 2890; x_wconf 86' lang='lat' dir='ltr'><strong>quibuscunque</strong></span> <span class='ocrx_word' id='word_1_202' title='bbox 1414 2807 1737 2871; x_wconf 87' lang='lat' dir='ltr'><strong>officiariis</strong></span> <span class='ocrx_word' id='word_1_203' title='bbox 1786 2813 1854 2871; x_wconf 91' lang='lat' dir='ltr'><strong>et</strong></span> <span class='ocrx_word' id='word_1_204' title='bbox 1905 2807 2219 2871; x_wconf 80' lang='lat' dir='ltr'><strong>ministris</strong></span> <span class='ocrx_word' id='word_1_205' title='bbox 2267 2808 2521 2885; x_wconf 88' lang='lat' dir='ltr'><strong>nostris,</strong></span> <span class='ocrx_word' id='word_1_206' title='bbox 2568 2807 2717 2874; x_wconf 84' lang='lat' dir='ltr'><strong>haer.</strong></span> <span class='ocrx_word' id='word_1_207' title='bbox 2768 2809 2895 2873; x_wconf 84' lang='lat' dir='ltr'><strong>vel.</strong></span> 
     </span>
     <span class='ocr_line' id='line_1_24' title="bbox 613 2905 2896 2990; baseline 0.001 -21"><span class='ocrx_word' id='word_1_208' title='bbox 613 2926 780 2969; x_wconf 92' lang='lat' dir='ltr'><strong>succ.</strong></span> <span class='ocrx_word' id='word_1_209' title='bbox 813 2912 1026 2981; x_wconf 72' lang='lat' dir='ltr'><strong>nostr„</strong></span> <span class='ocrx_word' id='word_1_210' title='bbox 1056 2911 1190 2969; x_wconf 87' lang='lat' dir='ltr'><strong>tam</strong></span> <span class='ocrx_word' id='word_1_211' title='bbox 1221 2905 1291 2968; x_wconf 90' lang='lat' dir='ltr'><strong>in</strong></span> <span class='ocrx_word' id='word_1_212' title='bbox 1322 2906 1666 2989; x_wconf 75' lang='lat' dir='ltr'><strong>praesentia</strong></span> <span class='ocrx_word' id='word_1_213' title='bbox 1695 2912 1930 2982; x_wconf 86' lang='lat' dir='ltr'><strong>nostra,</strong></span> <span class='ocrx_word' id='word_1_214' title='bbox 1960 2906 2106 2970; x_wconf 88' lang='lat' dir='ltr'><strong>haer.</strong></span> <span class='ocrx_word' id='word_1_215' title='bbox 2135 2906 2239 2969; x_wconf 82' lang='lat' dir='ltr'><strong>vel</strong></span> <span class='ocrx_word' id='word_1_216' title='bbox 2272 2927 2438 2970; x_wconf 90' lang='lat' dir='ltr'><strong>succ.</strong></span> <span class='ocrx_word' id='word_1_217' title='bbox 2458 2912 2675 2983; x_wconf 74' lang='lat' dir='ltr'><strong>nostr„</strong></span> <span class='ocrx_word' id='word_1_218' title='bbox 2697 2928 2896 2990; x_wconf 86' lang='lat' dir='ltr'><strong>quam</strong></span> 
     </span>
     <span class='ocr_line' id='line_1_25' title="bbox 612 3004 2898 3083; baseline 0.001 -16"><span class='ocrx_word' id='word_1_219' title='bbox 612 3005 684 3067; x_wconf 93' lang='lat' dir='ltr'><strong>in</strong></span> <span class='ocrx_word' id='word_1_220' title='bbox 713 3004 1003 3068; x_wconf 87' lang='lat' dir='ltr'><strong>absentia</strong></span> <span class='ocrx_word' id='word_1_221' title='bbox 1050 3025 1128 3080; x_wconf 89' lang='lat' dir='ltr'><strong>n.,</strong></span> <span class='ocrx_word' id='word_1_222' title='bbox 1170 3004 1228 3067; x_wconf 88' lang='lat' dir='ltr'><strong>h.</strong></span> <span class='ocrx_word' id='word_1_223' title='bbox 1274 3004 1383 3068; x_wconf 88' lang='lat' dir='ltr'><strong>vel</strong></span> <span class='ocrx_word' id='word_1_224' title='bbox 1427 3025 1474 3071; x_wconf 82' lang='lat'><strong>8.</strong></span> <span class='ocrx_word' id='word_1_225' title='bbox 1521 3024 1581 3069; x_wconf 90' lang='lat' dir='ltr'><strong>n.</strong></span> <span class='ocrx_word' id='word_1_226' title='bbox 1630 3010 1696 3068; x_wconf 84' lang='lat' dir='ltr'><strong>et</strong></span> <span class='ocrx_word' id='word_1_227' title='bbox 1727 3006 1797 3068; x_wconf 89' lang='lat' dir='ltr'><strong>in</strong></span> <span class='ocrx_word' id='word_1_228' title='bbox 1842 3005 2143 3069; x_wconf 88' lang='lat' dir='ltr'><strong>omnibus</strong></span> <span class='ocrx_word' id='word_1_229' title='bbox 2187 3005 2333 3069; x_wconf 87' lang='lat' dir='ltr'><strong>aliis</strong></span> <span class='ocrx_word' id='word_1_230' title='bbox 2364 3007 2577 3082; x_wconf 89' lang='lat' dir='ltr'><strong>curiis,</strong></span> <span class='ocrx_word' id='word_1_231' title='bbox 2620 3007 2796 3083; x_wconf 79' lang='lat' dir='ltr'><strong>lociS,</strong></span> <span class='ocrx_word' id='word_1_232' title='bbox 2826 3014 2898 3072; x_wconf 86' lang='lat' dir='ltr'><strong>et</strong></span> 
     </span>
     <span class='ocr_line' id='line_1_26' title="bbox 611 3103 2897 3187; baseline 0.001 -20"><span class='ocrx_word' id='word_1_233' title='bbox 611 3104 854 3187; x_wconf 88' lang='lat' dir='ltr'><strong>placeis</strong></span> <span class='ocrx_word' id='word_1_234' title='bbox 900 3153 914 3169; x_wconf 91' lang='lat'><strong>.</strong></span> <span class='ocrx_word' id='word_1_235' title='bbox 959 3154 971 3168; x_wconf 91' lang='lat'><strong>.</strong></span> <span class='ocrx_word' id='word_1_236' title='bbox 1021 3153 1035 3169; x_wconf 93' lang='lat'><strong>.</strong></span> <span class='ocrx_word' id='word_1_237' title='bbox 1080 3103 1216 3167; x_wconf 87' lang='lat' dir='ltr'><strong>sint</strong></span> <span class='ocrx_word' id='word_1_238' title='bbox 1246 3103 1389 3186; x_wconf 88' lang='lat' dir='ltr'><strong>ipsa</strong></span> <span class='ocrx_word' id='word_1_239' title='bbox 1417 3104 1587 3166; x_wconf 87' lang='lat' dir='ltr'><strong>bona</strong></span> <span class='ocrx_word' id='word_1_240' title='bbox 1617 3109 1683 3167; x_wconf 87' lang='lat' dir='ltr'><strong>et</strong></span> <span class='ocrx_word' id='word_1_241' title='bbox 1713 3103 1946 3167; x_wconf 88' lang='lat' dir='ltr'><strong>catalla</strong></span> <span class='ocrx_word' id='word_1_242' title='bbox 1977 3103 2264 3186; x_wconf 89' lang='lat' dir='ltr'><strong>ipsorum</strong></span> <span class='ocrx_word' id='word_1_243' title='bbox 2313 3125 2483 3168; x_wconf 89' lang='lat' dir='ltr'><strong>nunc</strong></span> <span class='ocrx_word' id='word_1_244' title='bbox 2514 3104 2794 3169; x_wconf 86' lang='lat' dir='ltr'><strong>Abbatis</strong></span> <span class='ocrx_word' id='word_1_245' title='bbox 2825 3113 2897 3170; x_wconf 88' lang='lat' dir='ltr'><strong>et</strong></span> 
     </span>
     <span class='ocr_line' id='line_1_27' title="bbox 613 3202 2900 3286; baseline 0 -17"><span class='ocrx_word' id='word_1_246' title='bbox 613 3202 813 3269; x_wconf 74' lang='lat' dir='ltr'><strong>ConV.</strong></span> <span class='ocrx_word' id='word_1_247' title='bbox 847 3211 913 3267; x_wconf 91' lang='lat' dir='ltr'><strong>et</strong></span> <span class='ocrx_word' id='word_1_248' title='bbox 942 3222 1105 3266; x_wconf 92' lang='lat' dir='ltr'><strong>succ.</strong></span> <span class='ocrx_word' id='word_1_249' title='bbox 1132 3222 1392 3266; x_wconf 89' lang='lat' dir='ltr'><strong>suorum</strong></span> <span class='ocrx_word' id='word_1_250' title='bbox 1424 3202 1876 3285; x_wconf 76' lang='lat' dir='ltr'><strong>praedictorum</strong></span> <span class='ocrx_word' id='word_1_251' title='bbox 1902 3202 2090 3265; x_wconf 77' lang='lat' dir='ltr'><strong>2—Et</strong></span> <span class='ocrx_word' id='word_1_252' title='bbox 2118 3202 2289 3286; x_wconf 91' lang='lat' dir='ltr'><strong>quod</strong></span> <span class='ocrx_word' id='word_1_253' title='bbox 2321 3203 2483 3266; x_wconf 91' lang='lat' dir='ltr'><strong>bene</strong></span> <span class='ocrx_word' id='word_1_254' title='bbox 2513 3202 2702 3267; x_wconf 81' lang='lat' dir='ltr'><strong>liceat</strong></span> <span class='ocrx_word' id='word_1_255' title='bbox 2734 3203 2900 3270; x_wconf 90' lang='lat' dir='ltr'><strong>eisd.</strong></span> 
     </span>
     <span class='ocr_line' id='line_1_28' title="bbox 613 3299 2889 3381; baseline -0 -16"><span class='ocrx_word' id='word_1_256' title='bbox 613 3324 787 3367; x_wconf 90' lang='lat' dir='ltr'><strong>nunc</strong></span> <span class='ocrx_word' id='word_1_257' title='bbox 827 3301 1071 3365; x_wconf 78' lang='lat' dir='ltr'><strong>Abbati</strong></span> <span class='ocrx_word' id='word_1_258' title='bbox 1117 3308 1183 3365; x_wconf 91' lang='lat' dir='ltr'><strong>et</strong></span> <span class='ocrx_word' id='word_1_259' title='bbox 1228 3301 1429 3365; x_wconf 89' lang='lat' dir='ltr'><strong>Conv.</strong></span> <span class='ocrx_word' id='word_1_260' title='bbox 1460 3307 1526 3364; x_wconf 90' lang='lat' dir='ltr'><strong>et</strong></span> <span class='ocrx_word' id='word_1_261' title='bbox 1569 3320 1735 3364; x_wconf 90' lang='lat' dir='ltr'><strong>succ.</strong></span> <span class='ocrx_word' id='word_1_262' title='bbox 1770 3299 1922 3374; x_wconf 92' lang='lat' dir='ltr'><strong>suis,</strong></span> <span class='ocrx_word' id='word_1_263' title='bbox 1951 3320 2066 3381; x_wconf 89' lang='lat' dir='ltr'><strong>per</strong></span> <span class='ocrx_word' id='word_1_264' title='bbox 2110 3320 2177 3364; x_wconf 89' lang='lat' dir='ltr'><strong>se</strong></span> <span class='ocrx_word' id='word_1_265' title='bbox 2221 3308 2336 3363; x_wconf 87' lang='lat' dir='ltr'><strong>aut</strong></span> <span class='ocrx_word' id='word_1_266' title='bbox 2379 3300 2730 3364; x_wconf 87' lang='lat' dir='ltr'><strong>servientes</strong></span> <span class='ocrx_word' id='word_1_267' title='bbox 2776 3322 2889 3364; x_wconf 92' lang='lat' dir='ltr'><strong>seu</strong></span> 
     </span>
     <span class='ocr_line' id='line_1_29' title="bbox 612 3398 2891 3482; baseline -0 -18"><span class='ocrx_word' id='word_1_268' title='bbox 612 3402 938 3464; x_wconf 87' lang='lat' dir='ltr'><strong>ministros</strong></span> <span class='ocrx_word' id='word_1_269' title='bbox 969 3420 1137 3476; x_wconf 90' lang='lat' dir='ltr'><strong>suos,</strong></span> <span class='ocrx_word' id='word_1_270' title='bbox 1168 3400 1410 3482; x_wconf 88' lang='lat' dir='ltr'><strong>absque</strong></span> <span class='ocrx_word' id='word_1_271' title='bbox 1440 3398 1905 3482; x_wconf 88' lang='lat' dir='ltr'><strong>impedimento</strong></span> <span class='ocrx_word' id='word_1_272' title='bbox 1940 3398 2157 3475; x_wconf 88' lang='lat' dir='ltr'><strong>nostri,</strong></span> <span class='ocrx_word' id='word_1_273' title='bbox 2188 3399 2337 3463; x_wconf 86' lang='lat' dir='ltr'><strong>haer.</strong></span> <span class='ocrx_word' id='word_1_274' title='bbox 2369 3399 2475 3463; x_wconf 83' lang='lat' dir='ltr'><strong>vel</strong></span> <span class='ocrx_word' id='word_1_275' title='bbox 2505 3419 2672 3463; x_wconf 87' lang='lat' dir='ltr'><strong>succ.</strong></span> <span class='ocrx_word' id='word_1_276' title='bbox 2694 3407 2891 3464; x_wconf 88' lang='lat' dir='ltr'><strong>nostr.</strong></span> 
     </span>
     <span class='ocr_line' id='line_1_30' title="bbox 610 3497 2893 3581; baseline 0 -19"><span class='ocrx_word' id='word_1_277' title='bbox 610 3507 726 3562; x_wconf 88' lang='lat' dir='ltr'><strong>aut</strong></span> <span class='ocrx_word' id='word_1_278' title='bbox 783 3497 1147 3581; x_wconf 88' lang='lat' dir='ltr'><strong>aliquorum</strong></span> <span class='ocrx_word' id='word_1_279' title='bbox 1207 3498 1676 3573; x_wconf 87' lang='lat' dir='ltr'><strong>officiariorum‚</strong></span> <span class='ocrx_word' id='word_1_280' title='bbox 1735 3499 1780 3562; x_wconf 87' lang='lat' dir='ltr'><strong>J</strong></span> <span class='ocrx_word' id='word_1_281' title='bbox 1787 3497 1970 3561; x_wconf 86' lang='lat' dir='ltr'><strong>ustic.</strong></span> <span class='ocrx_word' id='word_1_282' title='bbox 2023 3497 2127 3560; x_wconf 86' lang='lat' dir='ltr'><strong>vel</strong></span> <span class='ocrx_word' id='word_1_283' title='bbox 2182 3497 2624 3561; x_wconf 84' lang='lat' dir='ltr'><strong>ministrorum</strong></span> <span class='ocrx_word' id='word_1_284' title='bbox 2678 3507 2893 3575; x_wconf 64' lang='lat' dir='ltr'><strong>nostr„</strong></span> 
     </span>
     <span class='ocr_line' id='line_1_31' title="bbox 609 3597 2896 3674; baseline -0 -13"><span class='ocrx_word' id='word_1_285' title='bbox 609 3597 671 3662; x_wconf 92' lang='lat' dir='ltr'><strong>h.</strong></span> <span class='ocrx_word' id='word_1_286' title='bbox 712 3597 819 3660; x_wconf 86' lang='lat' dir='ltr'><strong>vel</strong></span> <span class='ocrx_word' id='word_1_287' title='bbox 865 3617 912 3660; x_wconf 91' lang='lat' dir='ltr'><strong>s.</strong></span> <span class='ocrx_word' id='word_1_288' title='bbox 958 3602 1175 3672; x_wconf 70' lang='lat' dir='ltr'><strong>nostr„</strong></span> <span class='ocrx_word' id='word_1_289' title='bbox 1220 3605 1335 3660; x_wconf 91' lang='lat' dir='ltr'><strong>aut</strong></span> <span class='ocrx_word' id='word_1_290' title='bbox 1378 3597 1871 3672; x_wconf 87' lang='lat' dir='ltr'><strong>Vicecomitum,</strong></span> <span class='ocrx_word' id='word_1_291' title='bbox 1922 3597 2358 3672; x_wconf 84' lang='lat' dir='ltr'><strong>Escaetorum,</strong></span> <span class='ocrx_word' id='word_1_292' title='bbox 2404 3597 2896 3674; x_wconf 87' lang='lat' dir='ltr'><strong>Coronatorum,</strong></span> 
     </span>
     <span class='ocr_line' id='line_1_32' title="bbox 607 3694 2889 3778; baseline 0.001 -19"><span class='ocrx_word' id='word_1_293' title='bbox 607 3694 1137 3769; x_wconf 87' lang='lat' dir='ltr'><strong>Admirallorum,</strong></span> <span class='ocrx_word' id='word_1_294' title='bbox 1168 3695 1530 3759; x_wconf 87' lang='lat' dir='ltr'><strong>Custodum</strong></span> <span class='ocrx_word' id='word_1_295' title='bbox 1577 3695 1844 3773; x_wconf 68' lang='lat' dir='ltr'><strong>March„</strong></span> <span class='ocrx_word' id='word_1_296' title='bbox 1889 3696 2236 3778; x_wconf 88' lang='lat' dir='ltr'><strong>Majorum,</strong></span> <span class='ocrx_word' id='word_1_297' title='bbox 2268 3696 2686 3772; x_wconf 84' lang='lat' dir='ltr'><strong>Ballivorum,</strong></span> <span class='ocrx_word' id='word_1_298' title='bbox 2722 3699 2889 3762; x_wconf 89' lang='lat' dir='ltr'><strong>Con-</strong></span> 
     </span>
     <span class='ocr_line' id='line_1_33' title="bbox 610 3793 2888 3872; baseline 0 -12"><span class='ocrx_word' id='word_1_299' title='bbox 610 3793 1125 3870; x_wconf 75' lang='lat' dir='ltr'><strong>stabulariorum,</strong></span> <span class='ocrx_word' id='word_1_300' title='bbox 1177 3794 1285 3858; x_wconf 88' lang='lat' dir='ltr'><strong>vel</strong></span> <span class='ocrx_word' id='word_1_301' title='bbox 1337 3794 1611 3858; x_wconf 86' lang='lat' dir='ltr'><strong>aliorum</strong></span> <span class='ocrx_word' id='word_1_302' title='bbox 1661 3794 2103 3858; x_wconf 85' lang='lat' dir='ltr'><strong>ministrorum</strong></span> <span class='ocrx_word' id='word_1_303' title='bbox 2158 3803 2543 3872; x_wconf 86' lang='lat' dir='ltr'><strong>nostrorum,</strong></span> <span class='ocrx_word' id='word_1_304' title='bbox 2587 3796 2695 3860; x_wconf 87' lang='lat' dir='ltr'><strong>vel</strong></span> <span class='ocrx_word' id='word_1_305' title='bbox 2740 3797 2888 3861; x_wconf 81' lang='lat' dir='ltr'><strong>haer.</strong></span> 
     </span>
     <span class='ocr_line' id='line_1_34' title="bbox 608 3894 2889 3978; baseline 0 -18"><span class='ocrx_word' id='word_1_306' title='bbox 608 3894 715 3960; x_wconf 85' lang='lat' dir='ltr'><strong>vel</strong></span> <span class='ocrx_word' id='word_1_307' title='bbox 761 3914 925 3958; x_wconf 91' lang='lat' dir='ltr'><strong>succ.</strong></span> <span class='ocrx_word' id='word_1_308' title='bbox 960 3901 1320 3958; x_wconf 88' lang='lat' dir='ltr'><strong>nostrorum</strong></span> <span class='ocrx_word' id='word_1_309' title='bbox 1371 3914 1922 3978; x_wconf 88' lang='lat' dir='ltr'><strong>quorumcunque,</strong></span> <span class='ocrx_word' id='word_1_310' title='bbox 1951 3914 2186 3975; x_wconf 89' lang='lat' dir='ltr'><strong>ponere</strong></span> <span class='ocrx_word' id='word_1_311' title='bbox 2230 3914 2298 3958; x_wconf 91' lang='lat' dir='ltr'><strong>se</strong></span> <span class='ocrx_word' id='word_1_312' title='bbox 2343 3894 2414 3958; x_wconf 92' lang='lat' dir='ltr'><strong>in</strong></span> <span class='ocrx_word' id='word_1_313' title='bbox 2457 3895 2766 3959; x_wconf 88' lang='lat' dir='ltr'><strong>seisinam</strong></span> <span class='ocrx_word' id='word_1_314' title='bbox 2809 3897 2889 3961; x_wconf 93' lang='lat' dir='ltr'><strong>de</strong></span> 
     </span>
     <span class='ocr_line' id='line_1_35' title="bbox 606 3991 2887 4075; baseline 0.001 -18"><span class='ocrx_word' id='word_1_315' title='bbox 606 3993 800 4057; x_wconf 88' lang='lat' dir='ltr'><strong>dictis</strong></span> <span class='ocrx_word' id='word_1_316' title='bbox 831 3991 1015 4056; x_wconf 91' lang='lat' dir='ltr'><strong>bonis</strong></span> <span class='ocrx_word' id='word_1_317' title='bbox 1047 3997 1113 4055; x_wconf 91' lang='lat' dir='ltr'><strong>et</strong></span> <span class='ocrx_word' id='word_1_318' title='bbox 1142 3992 1395 4056; x_wconf 82' lang='lat' dir='ltr'><strong>catallis</strong></span> <span class='ocrx_word' id='word_1_319' title='bbox 1427 3991 1824 4075; x_wconf 89' lang='lat' dir='ltr'><strong>ubicumque</strong></span> <span class='ocrx_word' id='word_1_320' title='bbox 1867 3991 2136 4056; x_wconf 86' lang='lat' dir='ltr'><strong>inventa</strong></span> <span class='ocrx_word' id='word_1_321' title='bbox 2181 3992 2440 4068; x_wconf 88' lang='lat' dir='ltr'><strong>fuerint,</strong></span> <span class='ocrx_word' id='word_1_322' title='bbox 2469 3994 2539 4056; x_wconf 91' lang='lat' dir='ltr'><strong>in</strong></span> <span class='ocrx_word' id='word_1_323' title='bbox 2586 3996 2887 4061; x_wconf 86' lang='lat' dir='ltr'><strong>omnibus</strong></span> 
     </span>
     <span class='ocr_line' id='line_1_36' title="bbox 609 4090 2889 4177; baseline 0.001 -20"><span class='ocrx_word' id='word_1_324' title='bbox 609 4101 676 4157; x_wconf 88' lang='lat' dir='ltr'><strong>et</strong></span> <span class='ocrx_word' id='word_1_325' title='bbox 705 4090 978 4174; x_wconf 83' lang='lat' dir='ltr'><strong>singulis</strong></span> <span class='ocrx_word' id='word_1_326' title='bbox 1009 4091 1261 4155; x_wconf 89' lang='lat' dir='ltr'><strong>casibus</strong></span> <span class='ocrx_word' id='word_1_327' title='bbox 1292 4090 1697 4174; x_wconf 87' lang='lat' dir='ltr'><strong>supradictis,</strong></span> <span class='ocrx_word' id='word_1_328' title='bbox 1720 4098 1787 4154; x_wconf 92' lang='lat' dir='ltr'><strong>et</strong></span> <span class='ocrx_word' id='word_1_329' title='bbox 1816 4091 2039 4155; x_wconf 91' lang='lat' dir='ltr'><strong>eadem</strong></span> <span class='ocrx_word' id='word_1_330' title='bbox 2062 4092 2231 4155; x_wconf 88' lang='lat' dir='ltr'><strong>bona</strong></span> <span class='ocrx_word' id='word_1_331' title='bbox 2253 4099 2319 4155; x_wconf 92' lang='lat' dir='ltr'><strong>et</strong></span> <span class='ocrx_word' id='word_1_332' title='bbox 2350 4091 2584 4155; x_wconf 84' lang='lat' dir='ltr'><strong>catalla</strong></span> <span class='ocrx_word' id='word_1_333' title='bbox 2612 4093 2695 4157; x_wconf 87' lang='lat' dir='ltr'><strong>ad</strong></span> <span class='ocrx_word' id='word_1_334' title='bbox 2724 4115 2889 4177; x_wconf 90' lang='lat' dir='ltr'><strong>opus</strong></span> 
     </span>
     <span class='ocr_line' id='line_1_37' title="bbox 608 4188 2889 4273; baseline 0 -17"><span class='ocrx_word' id='word_1_335' title='bbox 608 4197 675 4256; x_wconf 88' lang='lat' dir='ltr'><strong>et</strong></span> <span class='ocrx_word' id='word_1_336' title='bbox 732 4189 1090 4273; x_wconf 88' lang='lat' dir='ltr'><strong>proficuum</strong></span> <span class='ocrx_word' id='word_1_337' title='bbox 1150 4190 1499 4254; x_wconf 88' lang='lat' dir='ltr'><strong>eorundem</strong></span> <span class='ocrx_word' id='word_1_338' title='bbox 1560 4188 1837 4253; x_wconf 86' lang='lat' dir='ltr'><strong>Abbatis</strong></span> <span class='ocrx_word' id='word_1_339' title='bbox 1892 4196 1958 4252; x_wconf 87' lang='lat' dir='ltr'><strong>et</strong></span> <span class='ocrx_word' id='word_1_340' title='bbox 2020 4189 2219 4256; x_wconf 79' lang='lat' dir='ltr'><strong>Conv,</strong></span> <span class='ocrx_word' id='word_1_341' title='bbox 2281 4196 2348 4253; x_wconf 90' lang='lat' dir='ltr'><strong>et</strong></span> <span class='ocrx_word' id='word_1_342' title='bbox 2400 4210 2566 4254; x_wconf 89' lang='lat' dir='ltr'><strong>succ.</strong></span> <span class='ocrx_word' id='word_1_343' title='bbox 2624 4212 2889 4256; x_wconf 89' lang='lat' dir='ltr'><strong>suorum</strong></span> 
     </span>
     <span class='ocr_line' id='line_1_38' title="bbox 606 4287 2889 4370; baseline 0.001 -16"><span class='ocrx_word' id='word_1_344' title='bbox 606 4290 880 4354; x_wconf 88' lang='lat' dir='ltr'><strong>retinere</strong></span> <span class='ocrx_word' id='word_1_345' title='bbox 910 4294 1101 4370; x_wconf 89' lang='lat' dir='ltr'><strong>prout</strong></span> <span class='ocrx_word' id='word_1_346' title='bbox 1132 4288 1440 4365; x_wconf 85' lang='lat' dir='ltr'><strong>officiarii,</strong></span> <span class='ocrx_word' id='word_1_347' title='bbox 1472 4288 1697 4352; x_wconf 88' lang='lat' dir='ltr'><strong>ballivi</strong></span> <span class='ocrx_word' id='word_1_348' title='bbox 1729 4294 1794 4352; x_wconf 91' lang='lat' dir='ltr'><strong>et</strong></span> <span class='ocrx_word' id='word_1_349' title='bbox 1827 4287 2110 4352; x_wconf 83' lang='lat' dir='ltr'><strong>ministri</strong></span> <span class='ocrx_word' id='word_1_350' title='bbox 2141 4289 2366 4365; x_wconf 87' lang='lat' dir='ltr'><strong>nostri,</strong></span> <span class='ocrx_word' id='word_1_351' title='bbox 2397 4288 2546 4353; x_wconf 85' lang='lat' dir='ltr'><strong>haer.</strong></span> <span class='ocrx_word' id='word_1_352' title='bbox 2579 4289 2687 4353; x_wconf 87' lang='lat' dir='ltr'><strong>vel</strong></span> <span class='ocrx_word' id='word_1_353' title='bbox 2718 4311 2889 4357; x_wconf 88' lang='lat' dir='ltr'><strong>succ.</strong></span> 
     </span>
     <span class='ocr_line' id='line_1_39' title="bbox 609 4387 2889 4469; baseline 0.002 -18"><span class='ocrx_word' id='word_1_354' title='bbox 609 4394 989 4462; x_wconf 86' lang='lat' dir='ltr'><strong>nostrorum,</strong></span> <span class='ocrx_word' id='word_1_355' title='bbox 1014 4387 1182 4450; x_wconf 88' lang='lat' dir='ltr'><strong>bona</strong></span> <span class='ocrx_word' id='word_1_356' title='bbox 1211 4394 1278 4452; x_wconf 89' lang='lat' dir='ltr'><strong>et</strong></span> <span class='ocrx_word' id='word_1_357' title='bbox 1308 4387 1542 4452; x_wconf 81' lang='lat' dir='ltr'><strong>catalla</strong></span> <span class='ocrx_word' id='word_1_358' title='bbox 1570 4387 1687 4451; x_wconf 88' lang='lat' dir='ltr'><strong>illa</strong></span> <span class='ocrx_word' id='word_1_359' title='bbox 1716 4387 1787 4450; x_wconf 91' lang='lat' dir='ltr'><strong>in</strong></span> <span class='ocrx_word' id='word_1_360' title='bbox 1818 4408 2051 4452; x_wconf 86' lang='lat' dir='ltr'><strong>manus</strong></span> <span class='ocrx_word' id='word_1_361' title='bbox 2085 4395 2354 4465; x_wconf 88' lang='lat' dir='ltr'><strong>nostras,</strong></span> <span class='ocrx_word' id='word_1_362' title='bbox 2374 4389 2436 4453; x_wconf 92' lang='lat' dir='ltr'><strong>h.</strong></span> <span class='ocrx_word' id='word_1_363' title='bbox 2461 4388 2566 4453; x_wconf 89' lang='lat' dir='ltr'><strong>vel</strong></span> <span class='ocrx_word' id='word_1_364' title='bbox 2597 4410 2643 4453; x_wconf 92' lang='lat' dir='ltr'><strong>s.</strong></span> <span class='ocrx_word' id='word_1_365' title='bbox 2671 4396 2889 4469; x_wconf 67' lang='lat' dir='ltr'><strong>nostr„</strong></span> 
     </span>
     <span class='ocr_line' id='line_1_40' title="bbox 609 4485 2886 4571; baseline 0.001 -19"><span class='ocrx_word' id='word_1_366' title='bbox 609 4485 827 4552; x_wconf 86' lang='lat' dir='ltr'><strong>seisire</strong></span> <span class='ocrx_word' id='word_1_367' title='bbox 856 4492 1118 4568; x_wconf 85' lang='lat' dir='ltr'><strong>possent</strong></span> <span class='ocrx_word' id='word_1_368' title='bbox 1147 4485 1248 4549; x_wconf 83' lang='lat' dir='ltr'><strong>vel</strong></span> <span class='ocrx_word' id='word_1_369' title='bbox 1296 4486 1602 4551; x_wconf 87' lang='lat' dir='ltr'><strong>deberent</strong></span> <span class='ocrx_word' id='word_1_370' title='bbox 1633 4487 1688 4551; x_wconf 89' lang='lat' dir='ltr'><strong>si</strong></span> <span class='ocrx_word' id='word_1_371' title='bbox 1734 4507 1805 4551; x_wconf 87' lang='lat' dir='ltr'><strong>ea</strong></span> <span class='ocrx_word' id='word_1_372' title='bbox 1851 4489 2027 4571; x_wconf 84' lang='lat' dir='ltr'><strong>praef.</strong></span> <span class='ocrx_word' id='word_1_373' title='bbox 2062 4508 2235 4553; x_wconf 90' lang='lat' dir='ltr'><strong>nunc</strong></span> <span class='ocrx_word' id='word_1_374' title='bbox 2281 4488 2523 4553; x_wconf 85' lang='lat' dir='ltr'><strong>Abbati</strong></span> <span class='ocrx_word' id='word_1_375' title='bbox 2571 4496 2636 4553; x_wconf 85' lang='lat' dir='ltr'><strong>et</strong></span> <span class='ocrx_word' id='word_1_376' title='bbox 2682 4489 2886 4556; x_wconf 88' lang='lat' dir='ltr'><strong>Conv.</strong></span> 
     </span>
    </p>
   </div>
  </div>
 </body>
</html>
