3254 5140
581 585 703 643 562
947 596 1492 649 CARTULARIUM
1530 597 1938 649 ABBATHIAE
1977 597 2074 649 DE
2110 598 2485 653 WHITEBY.

637 760 715 825 It.
766 761 1019 825 Alanus
1064 761 1237 826 filius
1283 762 1464 846 Rog’i
1496 765 1742 848 accepit
1786 763 2163 828 tenem’t-um

837 861 1006 944 quod
1038 861 1248 924 Adam
1280 861 1559 944 Symeon
1590 864 1804 926 tenuit
1833 864 1904 926 in
1940 862 2162 927 Hake-

834 981 998 1037 ness,
1021 960 1101 1023 ad
1124 965 1303 1023 term.
1326 961 1420 1023 xii
1442 981 1784 1042 annorum3
1812 983 1927 1046 pro
1945 983 2154 1046 gerss.,

661 1109 693 1132 ‚‚
738 1058 1042 1122 Johanna
1118 1058 1496 1142 Hippolyne
1571 1062 1821 1144 accepit
1893 1062 2157 1125 domum

835 1179 1031 1240 quam
1062 1157 1336 1222 Thomas
1367 1158 1586 1222 Ridall
1604 1161 1819 1224 tenuit
1841 1161 1911 1223 in
1937 1161 2156 1224 Hake-

832 1277 998 1333 nese,
1017 1256 1096 1319 ad
1123 1264 1302 1320 term.
1329 1257 1422 1320 vii
1453 1278 1786 1337 annorum,
1817 1279 1933 1342 pro
1965 1260 2058 1322 xii
2078 1260 2155 1336 d.,

830 1356 937 1419 et'
920 1377 941 1418 1
973 1354 1116 1420 falc.
1148 1355 1228 1420 ad
1260 1362 1476 1420 term.-
1462 1378 1733 1441 ,.,gerss

679 1456 779 1527 J
783 1454 881 1517 oh
886 1476 951 1519 es
998 1455 1148 1539 Kay
1195 1455 1273 1519 de
1311 1456 1644 1541 Brogshay
1689 1458 1938 1541 accepit
1977 1463 2156 1521 tene-

834 1554 1061 1617 m’tum
1134 1553 1306 1637 quod
1375 1555 1586 1619 Will's
1658 1556 1855 1633 Scott,
1922 1558 2153 1633 senior,

827 1653 1038 1716 tenuit
1112 1653 1183 1715 in
1259 1653 1617 1732 Hakeness,
1677 1654 1757 1718 ad
1819 1662 2000 1719 term.
2062 1677 2153 1718 xx

824 1771 1136 1815 annorum
1164 1775 1178 1830 ;
1222 1751 1303 1815 ad
1334 1752 1518 1835 cujus
1546 1757 1863 1817 tecturam
1893 1753 2158 1818 habebit

823 1850 904 1914 de
939 1852 1222 1915 manerio
1268 1873 1405 1915 xxx
1449 1860 1665 1916 travas
1710 1853 2056 1931 straminis,
2087 1859 2154 1918 et

823 1949 1095 2033 incipiet
1155 1950 1399 2016 solvere
1467 1952 1547 2014 ad
1610 1952 1649 2015 f.
1720 1953 2152 2030 Pentecostes,

821 2049 899 2112 A.
933 2059 1196 2114 M⁰oco¹¹¹⁰
1227 2047 1643 2135 nonag‘esimo
1674 2052 1804 2116 vim.

655 2200 686 2224 „
730 2149 775 2212 J
778 2148 948 2213 oh’es
1009 2149 1402 2233 Wilkynson
1470 2150 1549 2215 de
1617 2150 1839 2235 Filing
1903 2152 2152 2236 accepit

825 2249 1089 2313 domum
1137 2270 1329 2332 quam
1394 2251 1614 2314 Joh'es
1671 2251 1961 2335 Symyng
2004 2252 2153 2334 junr

823 2348 1040 2412 tenuit
1099 2348 1169 2411 in
1230 2348 1645 2434 Northfiling,
1698 2349 1778 2413 ad
1840 2356 2020 2414 term.
2074 2350 2149 2413 iii

823 2467 1152 2522 annorum,
1187 2454 1252 2512 et
1281 2448 1329 2510 ii
1354 2448 1618 2513 bovatas
1665 2451 1815 2526 t’rae,
1847 2470 1961 2534 pro
2006 2449 2147 2513 iiis.

822 2545 942 2609 viii
963 2545 1020 2609 d.
1054 2544 1135 2610 ad
1167 2553 1368 2624 term„
1399 2555 1465 2613 et
1494 2548 1543 2613 ii
1574 2547 1718 2613 fale.

652 2697 683 2721 „
728 2645 1004 2709 Thomas
1101 2645 1354 2729 Skyren
1448 2669 1562 2731 pro
1659 2649 1848 2712 domo
1952 2669 2147 2732 quam

820 2743 1095 2809 Thomas
1164 2744 1451 2810 Sledmer
1522 2748 1737 2812 tenuit
1811 2748 1894 2812 ad
1954 2748 2149 2812 finem

821 2844 1054 2926 pontis
1082 2843 1165 2908 ad
1204 2850 1385 2909 term.
1418 2847 1623 2910 xxxix
1670 2867 2004 2924 annorum,
2033 2867 2148 2930 pro

822 2964 911 3006 xx
931 2964 978 3008 s.
1011 2944 1093 3008 ad
1123 2951 1304 3009 term.
1333 2969 1349 3024 ;
1392 2966 1603 3029 gerss.,

649 3094 684 3119 ‚,
727 3044 828 3107 De
872 3064 1071 3108 uxore
1115 3044 1496 3129 Hippolyne
1540 3066 1656 3129 pro
1710 3046 1900 3109 domo
1951 3066 2146 3128 quam

821 3144 1085 3229 Magota
1104 3144 1350 3209 Malote
1375 3145 1591 3209 tenuit
1610 3147 1682 3208 in
1703 3145 2046 3209 Hakeness
2064 3146 2146 3209 ad

820 3249 1000 3308 term.
1032 3245 1102 3307 vi
1131 3265 1481 3324 annomm3
1523 3266 1737 3329 gerse„

646 3395 682 3420 ‚,
727 3344 937 3407 Alicia
987 3345 1233 3409 Dioson
1302 3346 1551 3428 accepit
1613 3345 1880 3409 domum
1948 3365 2144 3428 quam

820 3443 1101 3507 Matilda
1153 3443 1378 3507 Bedall
1429 3444 1645 3506 tenuit
1687 3444 1758 3507 in
1805 3443 2145 3509 Hakeness

819 3542 900 3605 ad
952 3547 1133 3605 term.
1190 3543 1256 3605 vi
1302 3563 1639 3620 annorum,
1682 3563 1797 3626 pro
1845 3542 2014 3606 xiid.
2063 3543 2143 3606 ad

823 3641 1193 3705 terminum.

645 3793 679 3819 ‚,
724 3740 1000 3805 Thomas
1089 3740 1329 3805 Colvill
1416 3741 1667 3824 accepit
1760 3742 2141 3806 tenem'tum

822 3840 996 3925 quod
1068 3840 1389 3905 Robertus
1463 3841 1714 3907 Bolbek
1788 3842 2003 3905 tenuit,
2074 3842 2145 3904 in

821 3940 1080 4025 Stoupe,
1111 3940 1191 4004 ad
1222 3946 1402 4005 term.
1428 3940 1516 4003 iii.
1542 3961 1895 4021 annorum5
1938 3961 2149 4024 gerss.‚

646 4094 679 4121 „
724 4040 805 4104 de
851 4041 1136 4105 Henrico
1181 4040 1452 4118 Fordon,
1503 4060 1615 4124 pro
1667 4060 1863 4124 gerse.
1915 4041 2145 4104 domus

817 4160 1013 4223 quam
1071 4140 1116 4204 J
1120 4139 1403 4203 ohannes
1478 4139 1729 4203 Fordon
1803 4139 2018 4203 tenuit
2075 4139 2147 4202 in

816 4226 1178 4315 Hakeness,
1206 4237 1288 4302 ad
1318 4243 1504 4303 term.
1535 4237 1606 4301 ix
1637 4258 1970 4313 annorum,

752 4389 786 4415 „
887 4338 1188 4402 «Iohanne
1261 4337 1403 4421 Dry
1475 4358 1590 4421 pro
1674 4337 1863 4400 domo
1944 4358 2139 4420 quam

817 4435 861 4499 J
867 4436 963 4499 oh.
1014 4436 1249 4519 Smyth
1294 4437 1508 4500 tenuit
1551 4436 1620 4498 in
1668 4436 2026 4514 southfeld,
2058 4436 2139 4500 ad

817 4540 995 4599 term.
1027 4535 1120 4597 xii
1151 4555 1461 4598 annorum
1490 4558 1506 4615 ;
1548 4556 1892 4619 gerssuma,
1929 4585 1941 4597 .

2382 963 2643 977 ooooooo

2320 1360 2392 1422 iii
2412 1380 2461 1423 s,

2319 3246 2415 3309 iiii
2436 3268 2481 3310 ε.

2313 4536 2476 4601 xviii
2496 4536 2553 4601 d.
