3254 5140
617 581 741 637 422
985 592 1529 643 CARTULARIUM
1565 592 1972 643 ABBATHIAE
2009 593 2106 642 DE
2141 593 2517 644 WHITEBY.

619 757 945 838 propriam
990 757 1308 841 requirere
1362 757 1566 822 debet.
1682 757 1869 836 Quod
1912 758 1970 822 si
2021 758 2144 822 sibi
2204 757 2276 823 in
2333 757 2526 822 tertia
2577 756 2890 840 petitione

616 856 989 921 satisfacere
1041 857 1334 934 noluerit,
1390 858 1650 922 demum
1695 858 2021 939 justitiam
2072 857 2247 921 villae
2297 858 2766 922 rationabiliter
2816 865 2893 920 ut

614 960 863 1019 rectum
911 956 1106 1021 faciat
1142 963 1403 1040 quaerat.
1518 957 1827 1040 (Tresque
1868 958 1938 1020 in
1980 977 2150 1021 anno
2194 957 2327 1023 sint
2371 958 2463 1022 eis
2506 958 2891 1041 placitorum

612 1053 1090 1138 institutiones)
1110 1056 1424 1140 3—prima
1472 1063 1619 1140 post
1664 1056 2050 1138 Epifaniam,
2102 1057 2384 1121 secunda
2435 1062 2582 1140 post
2628 1057 2893 1132 Pascha,

614 1156 807 1219 tertia
849 1163 996 1238 post
1040 1156 1079 1220 f.
1113 1156 1172 1219 S.
1223 1156 1455 1220 Hildae.
1549 1155 1635 1218 Et
1679 1155 1737 1218 si
1781 1155 2000 1238 aliqua
2045 1156 2449 1239 querimonia
2492 1156 2660 1220 infra
2704 1155 2892 1240 praed.

614 1254 1056 1319 institutiones
1087 1256 1429 1332 emerserit,
1460 1261 1525 1319 et
1555 1254 1970 1319 determinari
2000 1256 2171 1319 infra
2199 1256 2452 1320 easdem
2499 1277 2632 1320 non
2675 1256 2897 1339 possit,

614 1353 752 1416 sine
798 1353 1108 1418 dilatione
1137 1355 1218 1418 ad
1248 1355 1523 1437 primam
1553 1354 2033 1418 institutionem
2062 1355 2461 1432 terminetur,
2491 1354 2675 1419 sicud
2722 1362 2896 1419 carta

615 1451 807 1534 praed.
861 1453 1138 1517 Abbatis
1190 1460 1258 1518 et
1310 1453 1507 1518 Conv,
1555 1474 1751 1536 quam
1795 1454 2039 1518 habent
2089 1454 2560 1519 rationabiliter
2602 1461 2891 1518 testatur.

613 1550 928 1615 Testibus.
974 1552 1304 1616 Wisselmo
1316 1552 1739 1630 Maresca.110‚1
1753 1553 2004 1618 Comite
2024 1554 2104 1618 de
2125 1554 2498 1619 Pembroke.
2545 1553 2895 1629 WfflelmO,

619 1649 869 1712 Oomite
912 1647 993 1713 de
1022 1649 1358 1715 Arundell.
1446 1650 1693 1715 Datum
1723 1673 1838 1735 per
1880 1672 2146 1716 manum
2193 1651 2563 1731 Hudbertff
2595 1653 2893 1718 Cantuar.

618 1747 1120 1832 Archiepisoopi,
1167 1750 1546 1814 Cancellarii
1592 1752 1815 1827 nostri,
1859 1752 2033 1835 apud
2087 1752 2559 1835 Rothomagum
2611 1773 2747 1816 xxv
2790 1751 2895 1816 die

618 1847 918 1930 Augusti,
947 1868 1117 1913 anno
1148 1851 1324 1933 regni
1356 1851 1558 1914 nostri
1587 1851 1815 1934 primo,

1486 2099 2028 2166 CCCCLXXIII.

705 2252 847 2334 (71)
880 2251 1032 2316 Cest
1062 2251 1412 2315 endenture
1443 2250 1564 2314 fait
1599 2256 1780 2315 entre
1825 2249 2039 2313 Labbe
2069 2255 2136 2312 et
2167 2248 2418 2313 Covent
2453 2248 2533 2313 de
2563 2249 2895 2333 Whiteby,

619 2350 962 2433 Seignours
1021 2350 1101 2414 de
1155 2371 1394 2415 mesme
1447 2350 1512 2412 la
1565 2349 1713 2426 vile,
1766 2349 1901 2412 dun
1958 2355 2161 2431 parte,
2213 2355 2279 2412 et
2330 2348 2643 2412 Willaum
2704 2350 2894 2433 Page,

622 2449 902 2513 Richard
948 2450 1138 2526 Here,
1182 2450 1228 2514 J
1231 2449 1399 2513 ohan
1438 2448 1740 2525 Redhed',
1770 2449 1816 2513 J
1819 2447 1990 2512 ohan
2033 2448 2342 2525 Laxman,
2372 2448 2614 2513 Robert
2660 2448 2894 2525 Cobbe,

621 2547 1092 2614 Bartholomew
1118 2549 1472 2634 Chapman,
1494 2548 1729 2613 Ricard
1759 2547 1866 2613 del
1891 2547 2144 2631 Ostery‚
2164 2547 2342 2612 Piers
2367 2547 2557 2632 Page,
2579 2548 2891 2613 Willaum

619 2647 697 2710 de
744 2647 1137 2731 Stokeseley,
1166 2649 1212 2713 J
1214 2649 1382 2712 ohan
1413 2648 1648 2725 Scotte,
1679 2648 1897 2720 ‹Iohan
1929 2646 2182 2730 Smyth,
2213 2646 2528 2711 Willaum
2575 2649 2893 2726 Hersand,

617 2745 901 2810 Andrew
931 2747 1221 2832 Cragger,
1247 2748 1536 2811 william
1564 2747 1917 2822 Webester‚
1946 2745 2254 2809 Willaum
2291 2745 2425 2809 filtz
2454 2748 2501 2811 J
2504 2746 2674 2810 ohan
2706 2748 2895 2832 Pege,

620 2845 831 2928 Aleyn
872 2846 1109 2924 Penok‚
1156 2848 1427 2911 Benette
1467 2846 1547 2910 de
1593 2846 1885 2922 Malton',
1930 2847 1975 2910 J
1978 2843 2150 2908 ohan
2195 2844 2484 2922 Berkerr,
2531 2846 2769 2911 Robert
2815 2848 2895 2911 de

616 2945 999 3021 Roderham,
1058 2947 1298 3011 Robert
1356 2945 1436 3010 de
1511 2946 1851 3029 Staynton,
1911 2944 2128 3027 Aleyn
2187 2944 2294 3009 del
2354 2944 2555 3022 Celer,
2615 2947 2682 3010 N
2683 2947 2894 3012 ichole

619 3045 945 3130 Conynge,
966 3047 1013 3111 J
1015 3045 1184 3110 ohan
1208 3046 1287 3110 de
1317 3045 1640 3121 Lelhome,
1662 3045 1978 3108 Willaum
2008 3043 2253 3121 Daren,
2275 3051 2342 3108 et
2370 3044 2435 3108 18
2466 3047 2896 3112 commonalte

618 3145 698 3208 de
728 3145 793 3209 18
820 3144 951 3210 vile
983 3152 1045 3210 et
1080 3146 1281 3230 burgh
1306 3146 1386 3210 de
1415 3144 1747 3228 Whiteby,
1771 3145 1998 3208 dautre
2029 3150 2230 3226 parte,
2251 3144 2605 3229 tesmoigne
2634 3167 2714 3229 qe
2743 3166 2894 3210 cum

614 3244 843 3310 debate
874 3252 940 3310 et
968 3246 1188 3310 estrife
1219 3246 1310 3309 cit
1338 3265 1503 3309 mew
1528 3250 1708 3308 entre
1739 3243 1834 3307 les
1865 3243 2277 3307 avauntdites
2306 3243 2494 3308 Abbe
2525 3251 2592 3308 et
2624 3244 2896 3323 Couent,

613 3343 978 3407 clamauntz
1021 3343 1086 3407 18
1116 3343 1429 3428 seignorie
1474 3349 1541 3407 et
1570 3342 1971 3406 fraunchises
2010 3340 2261 3406 deince³
2289 3362 2532 3406 mesme
2561 3343 2628 3406 18
2660 3344 2785 3409 vile
2826 3354 2896 3409 et

614 3442 838 3526 burgh,
880 3463 995 3527 per
1046 3443 1191 3509 title
1242 3443 1321 3508 de
1374 3441 1840 3525 prescriptioun
1894 3447 2123 3505 sauntz
2181 3440 2894 3524 interrupcioun—-cest

610 3542 860 3605 asavoir
903 3564 982 3625 qe
1026 3549 1133 3606 tut
1161 3543 1226 3606 18
1256 3543 1389 3607 dite
1420 3542 1548 3606 vile
1592 3541 1979 3606 entierment
2024 3547 2125 3605 est
2155 3547 2312 3605 tenu
2359 3541 2438 3605 de
2485 3562 2669 3621 eaux,
2698 3549 2764 3607 et
2810 3544 2892 3608 de

608 3640 753 3705 lour
781 3641 914 3705 feet
959 3647 1095 3705 cest
1126 3641 1374 3705 asavoir
1402 3640 1649 3705 checun
1679 3639 1841 3704 tofte
1870 3660 1985 3723 per
2027 3639 2122 3704 les
2154 3640 2432 3705 services
2464 3641 2543 3705 de
2573 3663 2618 3705 v
2663 3642 2891 3707 deners

679 3803 697 3837 ¹
734 3804 879 3856 John
901 3804 1143 3866 married,
1164 3804 1221 3854 in
1244 3804 1338 3856 the
1355 3803 1474 3855 first
1496 3804 1749 3866 instance,
1776 3803 1965 3866 Isabel,
1987 3803 2249 3870 daughter
2268 3803 2325 3854 of
2349 3803 2587 3855 william
2609 3804 2884 3867 Man-shall,

607 3889 733 3939 Earl
757 3889 813 3939 of
837 3887 1145 3939 Pembroke.

680 3968 701 4002 ²
736 3970 1074 4036 Archbishop
1119 3971 1333 4021 Hubert
1381 3986 1493 4021 was
1544 3985 1644 4020 one
1695 3969 1750 4020 of
1809 3968 1901 4019 the
1939 3968 2089 4020 three
2138 3968 2407 4037 delegates
2455 3968 2781 4036 despatched
2829 3974 2890 4022 to

610 4054 852 4122 England
888 4055 943 4105 in
986 4056 1121 4105 1199
1158 4058 1217 4106 to
1254 4054 1440 4105 obtain
1464 4054 1557 4104 the
1583 4052 1912 4119 recognition
1935 4051 1992 4102 of
2026 4052 2167 4103 John
2194 4068 2252 4103 as
2278 4052 2426 4119 King
2448 4056 2506 4103 at
2530 4069 2563 4103 8
2586 4053 2794 4104 council
2831 4059 2890 4105 at

606 4138 1016 4203 Northampton.
1090 4138 1176 4189 He
1201 4138 1342 4200 died,
1367 4138 1402 4188 J
1406 4137 1496 4202 uly
1526 4137 1612 4200 sd,
1645 4137 1796 4187 1205.

676 4219 698 4254 ³
737 4221 957 4272 Modern
982 4222 1066 4272 Fr.
1095 4223 1240 4272 clam.
1322 4227 1357 4249 “
1374 4221 1540 4283 Dans,
1568 4220 1670 4271 vfr.
1696 4220 1832 4282 dens,
1855 4218 2215 4269 combinaison
2238 4219 2304 4269 de
2327 4220 2390 4269 de
2414 4224 2469 4271 et
2493 4235 2593 4281 ens,
2620 4223 2692 4282 (v.
2721 4236 2764 4270 c.
2793 4224 2886 4282 m.)

617 4304 736 4354 =L.
782 4304 843 4354 de
878 4307 1026 4355 intus.
1115 4304 1219 4354 Par
1255 4321 1356 4355 une
1399 4302 1640 4354 nouvelle
1678 4301 2036 4353 combinaison
2078 4317 2207 4353 avec
2241 4302 2318 4363 de,
2356 4319 2427 4353 on
2461 4319 2494 4353 8
2530 4302 2633 4354 fait
2666 4303 2880 4363 dedans,

604 4385 813 4438 modifie
838 4402 933 4451 par
955 4403 1186 4452 syncope
1210 4404 1275 4438 en
1312 4387 1840 4450 deans.”—(Scheler‚
1865 4386 2124 4436 Dictionn.
2146 4385 2417 4450 d’Ety‘mol.
2442 4386 2561 4449 Fr.)
2635 4386 2888 4454 Ducange

603 4472 751 4539 gives
775 4470 869 4521 the
894 4469 1029 4520 form
1053 4470 1292 4533 deins-ne,
1319 4470 1453 4521 with
1476 4470 1569 4521 the
1593 4469 2057 4536 signification—‘⁴
2073 4469 2177 4531 Qui
2201 4473 2284 4520 est
2307 4471 2373 4519 ne
2400 4469 2532 4520 dans
2556 4470 2605 4521 18
2630 4486 2762 4536 pays
2782 4468 2886 4509 ”—

604 4555 780 4610 where
803 4552 896 4603 the
921 4552 1063 4605 deins
1086 4553 1132 4607 is
1156 4570 1339 4608 nearer
1363 4558 1420 4605 to
1444 4553 1537 4604 the
1562 4557 1775 4625 present
1798 4553 1968 4605 deince
1991 4552 2124 4607 than
2149 4552 2404 4606 Scheler's
2429 4554 2564 4607 dens.
