3254 5140
820 617 1366 672 CARTULARIUM
1404 617 1814 671 ABBATHIAE
1849 618 1949 671 DE
1983 617 2358 671 wm'rEBY.
2599 608 2722 667 655

451 802 526 846 ac
575 780 1014 866 indulgentias
1073 781 1156 846 ad
1208 782 1457 847 dictum
1515 803 1679 867 opus
1730 802 2061 848 concessas
2113 783 2538 867 expositurus,
2596 803 2731 867 prae

452 879 597 944 aliis
669 881 1095 964 quaestoribus
1162 882 1675 966 quibuscunque,
1748 882 2264 966 procuratoribus
2336 888 2404 947 et
2461 882 2732 959 nuntiis,

450 979 708 1044 fabricae
736 987 973 1044 nostrae
1001 981 1188 1045 Ebor.
1222 980 1507 1045 ecclesiae
1536 981 1857 1045 duntaxat
1886 981 2190 1064 exceptiS,
2220 1001 2380 1065 quos
2419 1001 2552 1045 non
2591 982 2733 1045 sine

452 1098 645 1142 causa
663 1079 1036 1143 rationabili
1063 1078 1336 1163 singulis
1358 1080 1503 1145 aliis
1531 1079 1833 1144 volumus
1863 1087 1932 1145 et
1957 1080 2239 1164 petimus
2279 1080 2597 1158 anteferri,
2626 1100 2734 1145 eos

452 1176 673 1240 velitis
701 1177 1139 1242 favorabiliter
1181 1179 1523 1243 admittere
1567 1185 1635 1243 et
1676 1186 1970 1257 tractare,
2001 1179 2372 1262 hujusmodi
2401 1180 2728 1264 negotium

454 1283 591 1339 tam
637 1276 804 1340 clero
835 1296 1031 1360 quam
1075 1277 1316 1360 populo
1354 1278 1537 1341 vobis
1583 1278 1845 1342 subdito
1888 1279 1960 1341 in
1991 1277 2294 1361 capitulis
2337 1277 2736 1343 celebrandis

454 1381 521 1437 et
551 1374 620 1437 in
651 1374 937 1439 ecclesiis
967 1375 1197 1439 vestris
1241 1376 1411 1440 infra
1456 1378 1796 1441 missarum
1841 1376 2219 1461 solempnia,
2260 1383 2328 1442 et
2370 1376 2515 1441 aliis
2560 1375 2734 1452 locis,

455 1473 691 1556 quibus
742 1473 1069 1537 videbitur
1113 1474 1435 1557 expedire,
1485 1475 1830 1539 efficaciter
1879 1481 2293 1559 exponentes,
2337 1481 2404 1540 et
2447 1475 2734 1541 caritatis

455 1572 702 1635 intuitu
746 1578 1233 1655 promoventes3
1275 1574 1532 1657 proviso
1575 1574 1748 1657 quod
1796 1575 2106 1659 quicquid
2150 1575 2494 1640 collectum
2537 1575 2736 1639 fuerit

455 1671 525 1733 in
585 1670 706 1734 hac
763 1677 946 1753 parte
1019 1671 1273 1735 faciatis
1330 1672 1635 1756 praedicto
1686 1672 1979 1737 «Iohanni
2036 1674 2284 1757 integre
2342 1680 2410 1738 et
2459 1673 2738 1738 fideliter

457 1769 733 1846 liberari,
777 1769 899 1834 sub
950 1789 1138 1853 paena
1189 1770 1872 1835 excommunicationis
1916 1772 2194 1855 majoris,
2244 1791 2444 1854 quam
2487 1776 2737 1835 contra-

458 1869 789 1932 venientes
863 1888 996 1931 non
1068 1868 1390 1933 immerito
1464 1868 1752 1952 poterint
1818 1869 2176 1947 formidare,
2236 1891 2367 1935 non
2440 1872 2737 1935 obstante

458 1967 847 2031 inhibitione
889 1973 1121 2043 nostra,
1152 1968 1208 2030 si
1238 1987 1368 2050 qua
1412 1967 1610 2032 fuerit
1656 1968 1784 2033 alia
1826 1968 2009 2033 vobis
2054 1968 2240 2034 facta.
2329 1969 2476 2033 Hoc
2519 1972 2737 2032 autem

460 2064 836 2128 mandatum
855 2071 1149 2128 nostrum
1171 2065 1392 2129 taliter
1413 2072 1677 2149 tamque
1700 2065 1976 2132 fideliter
1998 2074 2065 2130 et
2086 2066 2303 2131 debite
2326 2066 2740 2150 compleatur,

459 2162 636 2246 quod
665 2170 883 2242 vestra
921 2164 1291 2229 obedientia
1320 2164 1502 2227 vobis
1547 2165 1737 2228 cedat
1775 2165 1857 2228 ad
1901 2165 2207 2230 meritum
2235 2165 2392 2228 dum
2421 2165 2595 2248 apud
2624 2186 2739 2229 vos

462 2283 531 2327 se
561 2262 1141 2327 commendabilem
1170 2263 1474 2327 exhibeat
1502 2263 1571 2325 in
1597 2264 1926 2327 fructuoso
1956 2283 2145 2347 opere
2175 2262 2386 2346 quoad
2417 2263 2739 2347 propriam

461 2361 956 2425 subventionem
988 2361 1246 2426 fabricae
1276 2361 1677 2445 supradictae.
1753 2362 1891 2426 Nos
1921 2367 2159 2439 autem,
2188 2367 2308 2427 etc.
2338 2362 2574 2446 viginti
2603 2361 2740 2426 dies

462 2466 578 2523 etc.
675 2459 757 2522 In
816 2461 1002 2543 cujus
1059 2458 1154 2530 rei
1205 2459 1655 2523 testimonium
1713 2465 1832 2525 etc.
1942 2461 2191 2524 Datum
2250 2461 2423 2543 apud
2489 2460 2740 2524 Lanum

464 2558 687 2623 Nonas
738 2558 1040 2623 Octobris
1097 2559 1187 2621 A⁰
1238 2557 1396 2622 D’ni
1445 2557 1802 2624 Millesimo
1853 2568 2037 2625 cccm⁰
2087 2558 2342 2636 xxxiiii,
2384 2566 2452 2625 et
2503 2559 2740 2624 Pontis.

463 2658 668 2722 nostri
696 2657 907 2721 xviiia

552 2756 856 2841 Sigillum
886 2757 956 2820 in
986 2776 1166 2841 praes.
1198 2776 1316 2839 per
1342 2777 1589 2821 annum
1621 2757 2006 2823 duraturum
2044 2762 2146 2823 est
2187 2778 2565 2842 appensum.
2656 2758 2744 2821 Et

465 2856 948 2922 memorandum
981 2855 1155 2940 quod
1184 2856 1401 2921 dictus
1430 2856 1476 2920 J
1478 2856 1784 2934 ohannes,
1812 2858 2004 2922 tactis
2048 2857 2292 2921 ibidem
2321 2857 2744 2922 sacrosanctis

465 2955 855 3040 Evangeliis,
884 2954 1057 3039 quod
1100 2953 1357 3017 nullum
1401 2954 1777 3020 admitteret
1822 2956 2252 3019 substitutum
2295 2956 2426 3021 nisi
2470 2975 2585 3038 per
2626 2974 2745 3018 nos

465 3055 645 3139 prius
696 3053 1052 3118 admissum
1106 3059 1174 3116 et
1211 3051 1522 3135 juratum.
1631 3053 1741 3136 [In
1791 3054 2022 3137 mam]
2091 3050 2198 3115 Md
2251 3054 2421 3136 quod
2473 3053 2550 3116 iii
2595 3053 2743 3117 Kal.

466 3152 767 3217 Octobris
824 3150 994 3216 A.D.
1056 3149 1460 3215 M⁰cccxxxiii
1517 3149 1693 3233 apud
1748 3150 2023 3215 Cawode
2081 3156 2380 3214 revocata
2438 3150 2567 3214 fuit
2617 3152 2746 3215 ista

467 3250 670 3314 libera
699 3257 765 3314 et
795 3248 1169 3314 omnimoda
1198 3254 1484 3331 potestas
1506 3249 1551 3313 J
1555 3248 1800 3312 ohanni
1829 3247 1909 3312 de
1940 3247 2213 3332 Lumby,
2241 3248 2618 3313 substitutis
2640 3249 2746 3312 vel

467 3349 944 3433 coadjutoribus
975 3348 1111 3413 suis
1141 3345 1288 3411 aliis
1317 3346 1388 3410 in
1417 3346 1538 3411 hac
1568 3352 1751 3429 parte
1782 3365 2099 3411 concessa.

1100 3581 1380 3647 DCVII.
1426 3580 1730 3665 (Melton,
1759 3580 1800 3644 f.
1837 3579 2010 3662 249.)

596 3733 1057 3797 Cnnnmcxno
1087 3747 1176 3793 nn
1205 3746 1573 3795 assumens
1603 3747 1685 3794 Er
1717 3745 2222 3796 muronfflsos
2251 3729 2620 3795 AnnA'rnm

1378 3846 1465 3893 nn
1495 3831 1839 3895 ernnr.

553 3967 1052 4032 Venerabilibus
1131 3973 1200 4032 et
1269 3966 1567 4032 discretis
1649 3966 1825 4043 viriS,
1913 3966 2101 4030 D’nis
2181 3965 2599 4029 Thesaurario
2679 3970 2749 4029 et

469 4066 827 4130 Baronibus
894 4066 975 4129 de
1041 4065 1369 4131 Scaccario
1428 4065 1583 4128 D’ni
1656 4064 1862 4128 nostri
1921 4064 2130 4148 Regis,
2185 4063 2562 4128 Willelmus
2620 4064 2749 4129 Dei

469 4165 883 4230 Providentia
955 4172 1076 4230 etc.
1151 4164 1428 4229 salutem
1488 4185 1639 4228 cum
1710 4163 1833 4227 Dei
1904 4162 2352 4228 benedictione
2411 4168 2479 4227 et
2540 4165 2750 4247 gratia

469 4265 752 4329 salutari.
829 4265 1036 4329 Breve
1064 4264 1313 4348 regium
1343 4264 1705 4347 recepimus
1736 4267 2024 4326 tenorem
2046 4269 2213 4325 cont.
2238 4261 2749 4346 infrascriptum:

468 4363 930 4440 —Edwardus,
974 4364 1056 4427 D.
1104 4363 1181 4427 G.
1213 4369 1331 4427 etc.
1376 4361 1737 4426 venerabili
1780 4361 1847 4424 in
1897 4360 2155 4425 Christo
2200 4360 2372 4443 patri
2398 4360 2750 4440 willelmo,

470 4463 692 4527 eadem
736 4463 943 4547 gratia
986 4462 1175 4525 Ebor.
1219 4460 1581 4543 Archiep’O,
1610 4463 1752 4537 etc„
1778 4459 2074 4524 salutem.
2162 4459 2264 4521 Ex
2301 4464 2485 4543 parte
2526 4460 2750 4526 dilecti

470 4561 655 4625 nobis
700 4562 772 4624 in
816 4560 1077 4625 Christo
1105 4559 1382 4624 Abbatis
1411 4559 1493 4623 de
1525 4559 1801 4641 Whitby
1830 4558 2017 4621 nobis
2060 4562 2162 4621 est
2201 4557 2642 4641 supplicatum
2672 4563 2748 4623 ut

470 4679 619 4723 cum
650 4659 981 4724 Abbathia
1010 4678 1127 4723 sua
1154 4657 1465 4743 praedicta
1494 4664 1562 4721 et
1590 4656 1904 4722 beneficia
1934 4656 2014 4719 ad
2045 4675 2189 4719 eam
2231 4657 2593 4739 spectantia
2635 4676 2752 4740 per
