3254 5140
748 591 1289 646 GARTULARIUM
1324 591 1732 643 ABBATHIAE
1763 592 1862 643 DE
1892 592 2252 645 WHITEBY.
2536 583 2653 642 717

381 757 667 841 Dayrell‚
709 777 824 841 pro
872 755 1288 820 Marmeduco
1330 755 1410 819 de
1449 755 1776 840 Thweng,¹
1809 756 1954 820 d’no
1999 778 2134 835 suc,
2178 763 2244 822 et
2287 757 2658 822 Willelmus

379 857 670 921 Trunket
725 877 841 940 pro
899 855 1179 939 quadam
1231 856 1277 920 J
1279 855 1570 920 ohanna²
1616 876 1761 939 quae
1820 857 1947 919 fuit
1992 877 2156 920 uxor
2202 856 2521 922 Willelmi
2577 857 2659 919 de

384 955 644 1039 Upsale‚
675 962 742 1020 et
786 955 1013 1020 dicunt
1053 976 1170 1039 pro
1214 955 1539 1038 praedictis
1582 956 2000 1020 Marmeduco
2030 963 2098 1020 et
2140 957 2186 1021 J
2190 956 2445 1021 ohanna
2488 955 2660 1039 quod

380 1052 507 1135 ipsi
551 1054 795 1118 habent
823 1053 1135 1136 quasdam
1166 1054 1313 1116 t’ras
1344 1060 1411 1117 et
1440 1058 1814 1117 tenementa
1858 1054 2032 1117 infra
2074 1054 2412 1138 praedictas
2456 1060 2660 1118 metas

382 1172 528 1235 quae
568 1158 721 1217 sunt
765 1153 1028 1236 penitus
1066 1158 1249 1216 extra
1276 1153 1615 1232 forestam3
1662 1159 1728 1216 et
1763 1153 1834 1215 in
1865 1153 2100 1236 quibus
2130 1154 2304 1217 idem
2334 1155 2553 1218 Abbas
2594 1159 2660 1217 et

383 1252 878 1335 praedecessores
927 1252 1031 1315 sui
1090 1251 1337 1315 nullam
1386 1272 1675 1335 unquam
1723 1252 2090 1316 habuerunt
2137 1274 2551 1330 warrennam,
2596 1259 2664 1316 et

384 1356 618 1434 petunt
665 1352 856 1436 quod,
893 1351 1428 1435 qualitercunque
1474 1352 1823 1434 praedictus
1870 1351 2092 1416 Abbas
2144 1352 2383 1416 clamat
2427 1352 2662 1417 habere

385 1469 752 1513 warennam
780 1450 886 1514 vel
915 1451 1221 1513 forestam
1263 1449 1333 1511 in
1366 1450 1501 1513 t’ris
1533 1450 1668 1513 suis
1712 1451 1882 1514 infra
1909 1450 2246 1533 praedictas
2277 1456 2483 1514 metas
2513 1471 2662 1515 con-

385 1549 607 1625 tenti8‚
629 1549 700 1611 in
722 1548 903 1611 nullo
927 1548 1021 1612 eis
1043 1552 1383 1632 generetur
1403 1548 1554 1631 praej
1562 1548 1866 1612 udicium.
1938 1547 2191 1612 Clamat
2213 1549 2411 1612 etiam
2431 1547 2665 1612 habere

385 1647 536 1710 t'ras
567 1667 715 1711 suas
746 1648 1002 1730 quietas
1032 1667 1071 1710 a
1100 1654 1276 1710 secta
1304 1666 1420 1729 per
1449 1654 1694 1710 cartam
1734 1646 2006 1711 Henrici
2035 1647 2248 1731 Regis,
2277 1648 2501 1731 proavi
2533 1647 2665 1711 d’ni

388 1745 580 1829 Regis
603 1767 796 1823 nunc,
814 1767 1009 1829 quam
1041 1746 1302 1829 profert,
1324 1753 1393 1809 et
1421 1766 1566 1828 quae
1594 1751 1873 1810 testatur
1894 1747 2069 1828 quod
2097 1746 2270 1811 idem
2301 1747 2500 1811 Henr.
2524 1747 2662 1810 Rex

386 1845 703 1908 concessit
746 1844 934 1927 praed.
979 1844 1225 1908 Abbati
1270 1849 1337 1908 et
1375 1845 1709 1909 monachis
1759 1845 1836 1909 de
1867 1833 2156 1929 Wyteby
2200 1846 2374 1928 quod
2412 1846 2541 1929 ipsi
2586 1847 2664 1910 de

388 1963 556 2006 omn.
587 1942 722 2006 t'ris
752 1949 817 2006 et
846 1943 1232 2006 tenementis
1264 1963 1407 2025 quae
1436 1943 1679 2008 habent
1709 1964 1790 2008 ex
1820 1944 1987 2008 dono
2018 1944 2208 2027 praed.
2239 1944 2556 2009 Willelmi
2587 1945 2666 2008 de

388 2042 592 2123 Percy
620 2046 687 2104 et
714 2041 915 2104 Alani
943 2040 1022 2105 de
1053 2042 1275 2124 Percy,
1306 2047 1371 2105 et
1401 2041 1673 2104 aliorum
1705 2062 2237 2125 quorumcunque
2267 2041 2665 2119 donatorum,

387 2144 455 2203 et
475 2138 648 2222 quod
676 2140 805 2223 ipsi
828 2145 982 2203 sunt
1004 2139 1210 2222 quieti
1235 2139 1313 2204 de
1343 2139 1643 2203 omnibus
1675 2140 1882 2215 rebus,
1905 2145 2020 2203 etc.
2112 2140 2216 2216 Et,
2247 2140 2458 2222 quoad
2489 2140 2666 2203 aliud

389 2238 597 2316 breve,
628 2238 787 2302 dicit
830 2237 1003 2320 quod
1048 2242 1226 2302 tenet
1256 2238 1414 2302 duas
1460 2244 1791 2302 carucatas
1820 2238 1954 2301 t’rae
1983 2239 2054 2300 in
2084 2258 2231 2302 soca
2274 2237 2351 2301 de
2398 2237 2668 2321 Scaleby

388 2359 504 2421 per
533 2345 775 2402 cartam
803 2337 999 2421 Regis
1029 2337 1299 2401 Henrici
1329 2337 1552 2420 proavi
1581 2336 1715 2400 d'ni
1745 2336 1938 2420 Regis
1968 2357 2160 2413 nunc,
2182 2357 2377 2420 quam
2407 2337 2667 2420 profert,

389 2444 457 2501 et
486 2458 630 2520 quae
661 2441 936 2501 testatur
965 2436 1135 2519 quod
1166 2436 1339 2500 idem
1368 2436 1507 2500 Rex
1539 2433 1769 2499 Henr.³
1798 2436 2115 2499 concessit
2158 2442 2224 2500 et
2267 2436 2672 2500 confirmavit

390 2536 631 2601 Abbati
676 2536 755 2601 de
799 2535 1087 2619 Wyteby
1131 2541 1198 2600 et
1242 2555 1411 2600 mon.
1459 2542 1577 2600 etc.
1626 2535 1787 2599 duas
1836 2555 1958 2600 car.
2008 2535 2159 2613 t'rae,
2204 2555 2352 2600 cum
2392 2541 2572 2620 pert„
2601 2536 2673 2600 in

392 2635 869 2719 Bryningeston
907 2634 978 2697 in
1006 2655 1178 2718 perp.
1211 2634 1412 2711 elem„
1444 2640 1510 2699 et
1537 2634 1700 2699 dicit
1745 2635 1920 2718 quod
1949 2634 2429 2720 Brinyngeston
2458 2640 2558 2699 est
2601 2636 2672 2699 in

387 2753 538 2797 soca
568 2733 647 2797 de
678 2732 967 2815 Scaleby.

478 2831 849 2896 Willelmus
880 2832 959 2895 de
990 2830 1214 2895 Rosels
1259 2831 1691 2895 summonitus
1721 2831 1849 2895 fuit
1877 2832 1961 2895 ad
1999 2853 2161 2915 resp.
2194 2832 2339 2896 d'no
2386 2833 2546 2917 Regi
2590 2833 2670 2898 de

465 3040 483 3072 ¹
522 3043 636 3093 The
669 3043 796 3093 date
833 3042 890 3093 of
926 3042 1020 3092 the
1056 3044 1266 3091 extract
1300 3041 1458 3108 given
1494 3041 1548 3091 in
1586 3041 1682 3092 the
1717 3041 2000 3108 preceding
2035 3046 2159 3092 note
2193 3042 2240 3092 is
2278 3041 2413 3092 “die
2448 3042 2669 3094 Sabbati

392 3141 540 3192 prox.
559 3128 684 3176 ante
702 3125 1003 3175 Passionem
1023 3122 1163 3183 D’ni‚
1186 3125 1263 3172 Ao
1277 3139 1317 3172 r.
1338 3123 1498 3189 Regis
1517 3123 1769 3173 Edwardi
1785 3123 1947 3173 tertio
1965 3123 2207 3174 decimo”
2227 3124 2306 3187 (ib.
2325 3141 2381 3189 p.
2401 3125 2534 3187 viii),
2550 3127 2672 3177 that

392 3210 456 3272 is,
484 3208 670 3258 March
698 3210 778 3269 18,
810 3208 947 3258 1285
968 3224 985 3267 3
1020 3205 1115 3256 the
1138 3205 1265 3255 date
1290 3204 1347 3255 of
1374 3204 1468 3255 the
1491 3209 1706 3270 present
1729 3204 2014 3269 Inquisitio
2038 3205 2272 3256 anterior
2294 3209 2353 3256 to
2379 3206 2410 3261 7
2436 3206 2585 3259 Edw.
2615 3222 2672 3269 1.,

393 3307 455 3340 or
477 3290 561 3341 six
587 3307 644 3341 or
668 3306 813 3340 more
849 3304 1003 3353 years
1027 3287 1230 3337 earlier.
1304 3286 1655 3337 Marmaduke
1679 3287 1747 3337 de
1770 3286 2008 3353 Thweng
2029 3286 2139 3337 had
2168 3287 2432 3338 therefore
2455 3289 2581 3341 died
2616 3291 2673 3341 in

392 3374 487 3424 the
512 3372 757 3436 interval,
783 3371 982 3438 having
1006 3369 1233 3420 married
1258 3369 1424 3420 Lucia
1446 3369 1513 3420 de
1537 3368 1673 3420 Brus
1698 3368 1956 3434 certainly
1979 3368 2160 3419 before
2190 3371 2339 3421 1245.

466 3453 489 3488 ¹
525 3454 623 3505 See
646 3454 746 3505 Nc.
774 3453 896 3517 467,
924 3452 1099 3503 where
1123 3469 1156 3503 a
1178 3451 1304 3517 lady
1328 3451 1457 3502 thus
1480 3450 1673 3501 named
1708 3451 1756 3503 is
1790 3451 2098 3502 mentioned
2121 3468 2179 3501 as
2206 3451 2300 3502 the
2334 3451 2597 3520 daughter
2620 3457 2676 3507 of

395 3537 540 3589 John
574 3535 642 3587 de
676 3536 903 3600 Novius,
928 3535 1035 3586 and
1059 3552 1117 3585 as
1142 3535 1338 3602 having
1373 3551 1442 3585 an
1478 3534 1705 3585 interest
1740 3533 1797 3584 in
1834 3534 2035 3585 certain
2060 3534 2213 3585 lands
2237 3534 2294 3585 in
2330 3534 2575 3600 Sneatom
2603 3556 2672 3590 on

396 3621 491 3671 the
525 3619 681 3671 other
713 3619 827 3671 side
851 3620 907 3670 of
928 3620 1023 3670 the
1048 3617 1160 3669 Esk
1185 3618 1322 3669 from
1359 3617 1599 3683 Aislaby,
1625 3618 1728 3669 but
1762 3622 1859 3668 not
1882 3634 2013 3684 very
2037 3618 2120 3668 far
2141 3618 2364 3670 distant.
2437 3620 2547 3673 But
2581 3624 2674 3676 the

396 3702 701 3753 difficulties
724 3702 782 3752 in
805 3702 899 3753 the
924 3718 1044 3767 way
1067 3700 1124 3751 of
1156 3700 1482 3767 identifying
1504 3701 1600 3752 the
1624 3704 1735 3751 two
1771 3716 1912 3751 seem
1949 3699 2143 3751 almost
2166 3701 2535 3767 insuperableg
2571 3706 2668 3767 for,

397 3790 457 3837 to
480 3801 635 3836 name
658 3785 759 3836 but
781 3801 882 3835 one
906 3785 963 3835 of
996 3783 1159 3847 them,
1185 3783 1280 3834 the
1305 3783 1537 3835 Sneaton
1576 3783 1769 3833 Manor
1790 3787 1850 3834 at
1872 3783 1965 3833 the
2000 3783 2126 3833 «late
2150 3784 2207 3833 of
2239 3783 2351 3835 this
2387 3784 2674 3851 Inquisitio

398 3869 506 3920 had
540 3867 773 3934 scarcely
796 3867 984 3934 passed
1011 3870 1107 3917 out
1129 3867 1185 3916 of
1218 3866 1312 3917 the
1349 3865 1643 3932 possession
1669 3866 1724 3916 of
1757 3865 1852 3917 the
1889 3866 2128 3917 Arundel
2151 3866 2352 3932 family.
2432 3868 2498 3919 In
2539 3870 2675 3935 125}

398 3953 581 4018 Agnes
605 3951 782 4017 Beyus
803 3954 907 4014 (see
930 3949 983 4000 N
986 3967 1031 4000 ο.
1053 3951 1177 4012 461)
1200 3965 1311 4000 was
1333 3949 1390 3999 in
1415 3948 1728 4015 possession,
1754 3949 1859 3999 and
1883 3950 2075 4015 speaks
2101 3950 2158 4000 of
2180 3949 2275 4000 her
2297 3967 2394 4001 son
2417 3952 2670 4006 william.

398 4034 638 4085 william
661 4033 729 4083 de
753 4033 921 4099 Upssl
942 4049 1052 4083 was
1075 4031 1243 4099 living
1266 4032 1324 4082 in
1352 4032 1507 4094 1270,
1538 4049 1596 4082 as
1632 4047 1855 4097 appears
1879 4031 2017 4083 from
2034 4032 2133 4083 No.
2164 4035 2250 4094 22,
2279 4033 2513 4086 wherein
2536 4036 2606 4087 he
2629 4038 2676 4089 is

396 4117 704 4168 cmwitness
739 4115 875 4167 with
902 4114 1143 4167 william
1177 4115 1245 4165 de
1281 4114 1483 4176 Rosels,
1510 4114 1657 4165 Will.
1693 4115 1762 4165 de
1796 4115 2042 4181 Everley‚
2080 4115 2293 4167 Galsrid
2325 4117 2394 4168 de
2428 4117 2672 4186 Everley,

396 4199 507 4251 and
546 4199 707 4266 Hngo
743 4199 812 4250 de
849 4198 1129 4263 Ryswsrp,
1156 4197 1257 4248 bnt
1290 4196 1443 4248 there
1467 4198 1513 4248 is
1537 4214 1607 4247 no
1645 4197 1768 4249 hint
1803 4198 1861 4249 of
1895 4198 1980 4249 his
2014 4198 2250 4264 identity
2274 4199 2410 4251 with
2433 4201 2674 4255 William

397 4282 491 4334 fitz
519 4282 696 4349 Agnes
720 4282 910 4348 Beyus.

469 4364 493 4398 ³
527 4365 625 4417 See
650 4365 752 4415 No,
786 4366 902 4426 190,
928 4381 976 4430 p.
1008 4365 1125 4416 156.
1200 4362 1309 4413 But
1331 4362 1425 4413 the
1450 4366 1608 4430 grant
1632 4362 1689 4413 of
1722 4363 1816 4414 the
1840 4363 2132 4415 Burniston
2166 4364 2320 4416 lands
2346 4383 2454 4418 was
2488 4370 2677 4420 earlier

398 4448 528 4510 still,
557 4448 756 4516 having
781 4448 912 4499 been
938 4447 1091 4498 made
1114 4447 1189 4511 by
1212 4446 1307 4497 the
1332 4445 1635 4511 Conqueror
1662 4446 1780 4509 (No.
1810 4448 1937 4510 555)
1963 4447 2069 4498 and
2093 4448 2379 4499 confirmed
2404 4450 2475 4516 by
2500 4451 2675 4504 Rufus

400 4532 521 4594 (No.
550 4532 690 4596 579).
