3254 5140
500 561 624 619 480
884 574 1427 627 CARTULARIUM
1462 573 1867 625 ABBATHIAE
1905 576 2003 627 DE
2039 576 2409 627 WHITEBY.

1482 862 1788 927 DXLVI.

581 1010 922 1076 Universis
945 1011 1006 1077 S.
1032 1012 1264 1076 Matris
1295 1013 1464 1077 Eccl.
1488 1012 1644 1076 filiis
1673 1018 1890 1096 pateat
1920 1033 2035 1095 per
2062 1020 2409 1096 praesentes
2440 1014 2613 1096 quod
2644 1034 2780 1091 nos,

492 1109 623 1172 d'ni
663 1110 972 1175 Officialis
1018 1112 1209 1175 curiae
1253 1111 1439 1176 Ebor.
1483 1112 2033 1195 Commi[s]sarius
2075 1111 2407 1196 generalis,
2438 1112 2778 1175 undecimo

490 1209 593 1273 die
624 1211 860 1274 mensis
890 1211 1135 1293 Aprilis
1167 1211 1326 1274 A,D.
1354 1211 1698 1275 millesimo
1722 1211 2048 1288 ccem0liii0,
2070 1210 2140 1274 in
2170 1211 2341 1275 dicta
2366 1211 2542 1275 curia
2562 1211 2646 1274 ad
2668 1212 2777 1294 jus

490 1309 788 1373 reddend.
819 1330 935 1392 pro
966 1309 1274 1373 tribunali
1305 1311 1616 1386 sedentes,
1647 1310 1974 1393 quandam
2017 1312 2323 1394 praecepti
2367 1311 2591 1374 s'mam
2629 1299 2776 1393 pro-

492 1407 778 1484 tulimus,
808 1408 927 1472 sub
959 1408 1078 1472 hac
1110 1410 1316 1472 forma
1336 1410 1522 1472 t—In
1553 1409 1679 1473 Dei
1710 1409 1985 1473 nomine.
2068 1411 2297 1475 Amen.
2373 1410 2540 1474 Cum
2570 1430 2775 1492 nuper

491 1506 797 1590 Religiosi
869 1508 1011 1584 viri,
1069 1508 1287 1572 Abbas
1346 1516 1412 1572 et
1484 1509 1679 1572 Co'nv.
1741 1509 2019 1572 Monast.
2096 1509 2176 1573 de
2235 1509 2529 1592 Whitby,
2588 1508 2772 1572 Ebor.

489 1606 850 1682 Dioceseos,
878 1612 1293 1689 patronatum
1337 1615 1404 1671 et
1446 1608 1930 1671 advocationem
1977 1607 2260 1672 ecclesiae
2297 1608 2376 1671 de
2423 1608 2773 1691 Huntyng—

490 1702 636 1767 ton1
703 1726 899 1788 prope
976 1707 1162 1771 Ebor.
1236 1707 1506 1772 Custodi
1582 1707 1810 1771 domus
1880 1707 2267 1772 vicariorum
2335 1706 2530 1772 Chori
2603 1707 2771 1770 Eccl.

490 1803 892 1869 Cathedralis
938 1806 1008 1870 B.
1056 1806 1233 1870 Petri
1276 1807 1486 1883 Ebor.,
1530 1813 1596 1870 et
1642 1805 1900 1869 vicariis
1946 1807 2235 1889 ejusdem
2286 1806 2475 1882 Eccl.,
2524 1814 2589 1870 et
2640 1805 2773 1869 suis

489 1922 778 1981 success,
846 1905 1172 1969 dedissent
1239 1913 1306 1970 et
1372 1906 1837 1970 concessissent
1911 1913 2221 1989 perpetuo
2296 1904 2775 1989 possidendum,

488 2003 669 2066 salva
713 2003 954 2068 eisdem
997 2005 1244 2069 Abbati
1290 2013 1356 2069 et
1397 2005 1594 2070 Conv.
1637 2026 1767 2068 una
1811 2005 2116 2088 pensione
2168 2025 2382 2068 annua
2433 2004 2772 2068 tresdecim

490 2102 601 2166 sol.
648 2110 714 2166 et
757 2113 1033 2187 quatuor
1077 2106 1216 2169 den.
1264 2106 1344 2169 ab
1392 2105 1533 2189 ipsa
1585 2105 1851 2170 ecclesia
1903 2112 1970 2169 et
2021 2105 2292 2169 Rectore
2351 2104 2635 2187 ejusdem
2688 2104 2769 2167 ab

490 2202 757 2286 antiquo
803 2205 1157 2269 constituta
1201 2212 1266 2269 et
1311 2205 1548 2283 debita,
1592 2205 1664 2268 in
1713 2206 1752 2268 f.
1801 2205 1989 2287 (143)
2037 2204 2098 2268 S.
2148 2205 2420 2268 Martini
2470 2205 2540 2267 in
2584 2224 2770 2287 yeme

489 2301 823 2365 annuatim
885 2304 1048 2367 solvi
1107 2312 1452 2383 consueta;
1524 2304 2041 2387 comparentibus
2102 2325 2314 2368 coram
2375 2303 2579 2378 nobis,
2639 2303 2769 2366 d'ni

492 2399 670 2463 Offic.
694 2400 887 2464 curiae
932 2402 1117 2465 Ebor.
1146 2402 1598 2465 Commissario
1626 2401 1910 2485 generali
1933 2402 2004 2465 in
2026 2402 2197 2466 Eccl.
2222 2403 2428 2479 Ebor.,
2452 2401 2770 2464 dictorum

490 2497 973 2582 Religiosorum,
1001 2520 1077 2563 ac
1111 2500 1427 2564 dictorum
1475 2501 1777 2565 Custodis
1823 2506 1889 2565 et
1922 2501 2307 2565 vicariorum
2349 2499 2772 2585 procuratori-

489 2598 627 2675 bus,
672 2598 754 2662 ad
805 2599 1209 2683 infrascripta
1254 2601 1683 2665 sufficientem
1733 2608 2120 2684 potestatem
2172 2601 2579 2676 habentibus,
2624 2621 2770 2683 pro-

490 2704 743 2760 curator
771 2698 1087 2761 dictorum
1121 2699 1422 2763 Custodis
1453 2707 1520 2763 et
1548 2700 1930 2764 vicariorum
1963 2721 2177 2764 coram
2207 2701 2391 2765 nobis
2421 2701 2490 2763 in
2521 2700 2771 2783 judicio

489 2796 746 2879 publice
777 2797 1098 2860 fatebatur
1127 2804 1193 2861 et
1222 2799 1487 2881 agnovit
1523 2799 1763 2863 dictam
1793 2799 2126 2864 ecclesiam
2159 2822 2197 2864 a
2226 2808 2514 2884 tempore
2558 2819 2596 2863 a
2641 2819 2768 2882 quo

489 2914 620 2956 non
663 2902 844 2958 extat
887 2895 1192 2959 memoria
1238 2897 1428 2960 dictis
1472 2898 1713 2961 Abbati
1744 2905 1810 2961 et
1839 2898 2036 2963 Conv.
2067 2899 2137 2961 in
2167 2898 2508 2962 tresdecim
2547 2897 2769 2961 solidis

489 3000 555 3056 et
584 3000 859 3076 quatuor
888 2994 1030 3058 den.
1063 2996 1322 3060 nomine
1364 2997 1692 3079 pensionis
1722 3017 1954 3060 annuae
1999 2997 2214 3073 fuisse,
2245 3004 2312 3060 et
2341 3018 2476 3061 esse
2507 2996 2766 3060 effectu-

488 3091 691 3167 aliter,
720 3101 1042 3157 oneratam
1086 3102 1153 3158 et
1191 3094 1556 3179 obligatam,
1586 3103 1655 3159 et
1698 3096 1954 3159 eosdem
1998 3094 2356 3179 Religiosos
2399 3117 2513 3179 per
2555 3101 2765 3158 totum

488 3197 743 3274 tempus
772 3193 1147 3275 praediotum
1179 3194 1386 3277 ipsam
1414 3195 1790 3278 pensionem
1822 3196 2084 3278 pacifice
2113 3195 2508 3277 percepisse;
2542 3193 2766 3257 volens

488 3297 553 3353 et
576 3292 980 3356 consentiens
1012 3293 1270 3357 nomine
1293 3294 1614 3358 dictorum
1644 3294 1958 3358 D’norum
1989 3315 2250 3358 suorum
2273 3293 2353 3356 ad
2378 3294 2762 3357 solutionem

487 3397 554 3452 et
596 3393 1073 3472 praestationem
1119 3393 1307 3457 dictae
1351 3414 1582 3458 annuae
1627 3393 1957 3477 pensionis
2003 3394 2071 3457 in
2118 3400 2357 3457 eventu
2410 3413 2538 3476 quo
2592 3391 2765 3454 dicta

487 3488 637 3553 eccl.
682 3489 762 3553 de
807 3490 1243 3574 Huntyngton
1289 3493 1575 3575 praefatis
1622 3492 1893 3557 Custodi
1938 3500 2004 3556 et
2047 3492 2303 3556 vicariis
2356 3490 2764 3575 appropriata

488 3588 684 3651 fuerit
733 3594 798 3652 et
849 3610 1118 3665 annexa,
1163 3595 1229 3654 et
1281 3591 1512 3655 Custos
1565 3597 1632 3654 et
1673 3591 1899 3654 vicarii
1953 3592 2201 3654 fructus
2253 3592 2542 3675 ejusdem
2594 3591 2764 3657 Eccl.

486 3687 746 3769 pacifice
791 3690 1211 3772 perceperint,
1252 3690 1506 3753 eosdem
1551 3690 1753 3754 D’nos
1799 3711 1964 3767 31103,
2006 3697 2067 3754 et
2115 3710 2184 3754 se
2229 3711 2449 3754 eorum
2488 3693 2767 3768 nomine,

486 3805 599 3867 per
627 3787 830 3849 nostri
874 3788 1177 3871 praecepti
1215 3788 1439 3851 s'mam
1484 3787 1958 3871 condempnari.
2051 3789 2243 3853 Unde
2286 3809 2421 3867 1103,
2454 3790 2761 3876 Commis3

486 3885 692 3948 sarius
737 3886 1119 3965 antedictuS,
1149 3888 1552 3951 voluntatem
1597 3895 1665 3951 et
1709 3878 2090 3952 consensum
2137 3887 2295 3952 dicti
2339 3893 2766 3972 procuratoris

485 3990 906 4067 acceptantes,
928 3986 1323 4069 judicialiter
1368 3987 1573 4051 dictos
1619 3987 1970 4052 Custodem
2015 3993 2081 4051 et
2120 3987 2390 4050 vicarios
2435 3995 2501 4051 et
2546 4010 2763 4052 eorum

485 4103 670 4161 succ„
714 4084 785 4147 in
828 4084 1131 4168 persona²
1175 4086 1602 4169 procuratoris
1661 4085 2030 4171 supradicti,
2076 4092 2143 4150 et
2192 4086 2407 4169 ipsum
2467 4107 2765 4170 procura·

484 4190 690 4247 torem
733 4185 992 4248 nomine
1038 4186 1402 4263 eorundem,
1453 4187 1522 4250 in
1575 4186 1750 4250 dicta
1799 4185 2107 4269 pensione
2158 4206 2372 4249 annua
2424 4187 2762 4251 tresdecim

484 4283 833 4347 solidorum
881 4282 1097 4367 (143b)
1143 4292 1209 4349 et
1259 4293 1537 4368 quatuor
1586 4285 1751 4362 den„
1794 4286 1863 4348 in
1917 4290 2156 4349 eventu
2208 4305 2335 4367 quo
2387 4284 2562 4349 dicta
2614 4286 2761 4350 eccl.

483 4383 562 4447 de
609 4384 1042 4467 Huntyngton
1090 4383 1248 4465 ipsis
1295 4384 1565 4449 Custodi
1610 4391 1678 4448 et
1714 4383 1974 4448 vicariis
2018 4383 2206 4447 unita
2250 4389 2316 4447 et
2355 4385 2765 4467 appropriata

834 4541 852 4576 ¹
891 4544 987 4595 See
1012 4544 1105 4594 the
1128 4549 1237 4596 two
1261 4545 1366 4595 last
1388 4545 1564 4597 deeds.
2064 4544 2086 4579 ²
2113 4564 2399 4612 personam.
