3254 5140
758 602 1306 658 CARTULARIUM
1343 601 1753 653 ABBATHIAE
1790 601 1890 653 DE
1919 601 2293 656 WHITEBY.
2551 594 2676 655 639

403 768 583 834 sione
627 769 755 834 sibi
798 767 1316 852 competentibus
1360 766 1431 829 in
1471 765 1790 850 dignitate
1836 770 1901 829 et
1946 767 2142 831 officii
2184 770 2571 847 memoratis,
2615 776 2681 835 et

401 870 625 933 statim
655 870 819 934 dicti
851 868 1302 932 Procuratores
1331 866 1575 930 dictam
1604 870 1856 949 partem
1898 865 2096 950 hujus
2140 872 2378 933 nostrae
2421 869 2679 933 ordina-

403 970 599 1034 tionis
629 970 1078 1053 approbantes,
1103 974 1172 1031 et
1201 965 1692 1050 adquiescentes
1717 965 1944 1042 eidem,
1965 969 2397 1050 procuratorio
2419 970 2679 1034 nomine

403 1070 617 1135 fratris
648 1069 911 1133 Thomas
956 1067 1228 1130 Abbatis
1272 1065 1586 1149 praedicti,
1630 1073 1965 1130 cesserunt
2009 1072 2075 1130 et
2112 1066 2337 1131 eodem
2379 1088 2677 1151 procura-

401 1171 567 1234 torio
620 1168 884 1232 nomine
935 1157 1395 1231 renuntiarunt
1446 1164 1755 1248 dignitati
1802 1170 1870 1230 et
1913 1164 2121 1230 officio
2166 1167 2510 1232 antedictis
2554 1170 2677 1233 sub

403 1268 572 1332 infra
622 1266 862 1350 scripto
906 1272 1126 1330 tenere
1147 1265 1335 1329 :—In
1381 1264 1512 1328 Dei
1553 1263 1836 1341 nomine,
1878 1263 2110 1329 Amen.
2201 1266 2432 1362 Coram
2477 1268 2677 1345 vobis,

403 1367 778 1432 Venerabili
828 1365 1000 1450 patri
1051 1365 1121 1429 in
1177 1363 1454 1440 Christo,
1503 1369 1570 1427 et
1621 1362 1771 1427 d’no
1825 1371 2061 1442 nostr0‚
2113 1364 2281 1429 D’no
2327 1366 2677 1445 willelmo,

403 1468 568 1533 Dfl.
627 1473 748 1532 etc.
822 1485 958 1542 nos,
1025 1464 1253 1527 fratres
1311 1463 1589 1528 Thomas
1664 1463 1744 1527 de
1818 1462 2065 1527 Garton
2138 1471 2205 1528 et
2268 1465 2522 1531 Alanus
2596 1468 2677 1532 de

403 1564 718 1649 Malteby‚
770 1565 1002 1629 Mon’ii
1046 1563 1126 1628 de
1174 1562 1488 1646 whiteby
1532 1583 1865 1638 common„
1916 1569 1981 1627 et
2032 1573 2474 1648 procuratores
2520 1569 2676 1634 Rev,

402 1666 532 1730 viri
585 1665 911 1749 Religiosi,
963 1663 1225 1728 Thomae
1284 1661 1368 1727 de
1418 1662 1695 1740 Malton,
1752 1662 2033 1729 Abbatis
2092 1664 2381 1747 ejusdem
2432 1668 2678 1746 Mon’ii,

403 1764 839 1848 procuratorio
897 1763 1158 1827 nomine
1231 1761 1590 1840 constituti,
1650 1762 1952 1846 dignitati
2011 1770 2079 1826 et
2136 1764 2344 1830 officio
2404 1768 2677 1835 Abbatis

404 1865 694 1948 ejusdem
739 1864 969 1928 Mon’ii
1012 1861 1207 1946 praed.
1252 1882 1423 1946 proc.
1477 1862 1736 1927 nomine
1780 1862 2086 1939 cedimus,
2130 1864 2212 1927 ad
2256 1865 2322 1928 id
2366 1866 2677 1935 habentes

405 1965 681 2049 speciale
711 1964 1111 2039 mandatum,
1141 1968 1207 2026 et
1236 1962 1692 2027 renunciamus
1721 1982 1881 2045 pure
1912 1967 1980 2025 et
2015 1969 2261 2045 sponte,
2291 1964 2463 2030 dicto
2507 1990 2675 2052 proc.

406 2065 685 2142 nomine,
729 2064 907 2128 omni
945 2063 1079 2146 juri
1124 2067 1190 2127 et
1233 2061 1641 2146 possessioni,
1687 2061 2225 2144 qualitercunque
2275 2063 2447 2128 dicto
2490 2067 2675 2132 fratri

405 2163 665 2227 Thomae
717 2162 1231 2246 competentibus
1283 2161 1354 2224 in
1406 2159 1713 2244 dignitati
1764 2165 1832 2224 et
1874 2160 2082 2223 officio
2125 2161 2402 2226 Abbatis
2446 2165 2676 2230 Mon'ii

405 2263 735 2328 antedicti.
812 2262 1061 2326 Datum
1092 2261 1214 2326 sub
1245 2261 1357 2343 sig.
1390 2259 1629 2324 nostris
1659 2258 1831 2343 apud
1860 2259 2076 2342 Thorp
2097 2260 2289 2343 juxta
2320 2263 2507 2327 Ebor.
2527 2264 2675 2349 [etc.‚

404 2383 571 2426 same
599 2363 744 2426 date
772 2383 845 2425 as
887 2361 1124 2446 before}
1213 2360 1651 2425 Attendentes
1680 2359 1877 2424 etiam
1908 2380 2192 2443 personae
2238 2362 2428 2445 praed.
2460 2365 2679 2431 fratris

406 2462 669 2527 Thomae
726 2462 1108 2546 qualitatem
1174 2480 1247 2525 ac
1308 2459 1750 2524 honorabilem
1810 2465 2053 2524 statum
2114 2481 2308 2544 quem
2366 2462 2677 2531 hactenus

406 2562 707 2639 obtinuit,
765 2582 842 2626 ac
900 2560 1256 2626 multorum
1314 2560 1630 2625 bonorum
1690 2581 1956 2644 operum
2007 2580 2288 2639 suorum,
2331 2569 2398 2628 et
2449 2565 2678 2631 utilem

404 2664 761 2747 gestionem
791 2662 953 2726 dicti
982 2661 1174 2725 officii
1205 2661 1520 2744 quamdiu
1549 2661 1766 2744 potuit
1795 2660 2031 2725 valiter
2072 2661 2375 2741 laborare,
2406 2664 2680 2731 Ordina-

409 2782 570 2838 muS,
620 2761 962 2825 laudamus
1016 2765 1080 2824 et
1133 2759 1536 2824 decernimus
1581 2760 1755 2842 quod
1801 2761 1973 2825 idem
2025 2760 2319 2839 Thomas,
2370 2768 2680 2848 quamdiu

407 2862 664 2938 vixerit,
707 2860 946 2924 habeat
989 2865 1055 2923 et
1099 2859 1414 2943 percipiat
1458 2861 1799 2923 annuatim
1843 2860 2060 2924 omnia
2089 2866 2155 2924 et
2185 2862 2441 2946 singula
2482 2866 2680 2931 iufra-

407 2961 648 3044 scripta
666 2958 962 3025 z—videl.
1024 2978 1341 3023 cameram
1399 2978 1544 3041 quae
1604 2958 1844 3023 dicitur
1908 2959 2176 3024 Camera
2231 2963 2474 3041 Astini,
2532 2987 2680 3030 cum

406 3061 658 3126 celariis
711 3066 785 3125 et
842 3058 1079 3123 clausis
1131 3058 1409 3141 desuper
1459 3056 1728 3121 eandem
1783 3077 2100 3122 cameram
2153 3061 2683 3146 quibuscunque;

412 3180 608 3243 quam
674 3159 939 3242 quidem
999 3178 1318 3223 cameram
1379 3156 1596 3221 Abbas
1671 3162 1736 3221 et
1796 3156 2170 3222 Conventus
2242 3159 2310 3222 in
2386 3164 2685 3229 omnibus

409 3259 784 3323 necessariis
842 3258 1341 3336 sustentabunt;
1398 3261 1465 3319 et
1530 3255 1845 3339 percipiat
1917 3256 2210 3339 quolibet
2270 3258 2373 3323 die
2445 3280 2680 3343 panem

407 3363 475 3421 et
520 3359 895 3423 cerevisiam
942 3358 1025 3423 de
1084 3357 1316 3423 celario
1356 3375 1473 3440 pro
1516 3376 1585 3420 se
1630 3360 1696 3419 et
1741 3373 1871 3418 uno
1924 3355 2253 3433 monach0‚
2297 3378 2489 3441 quem
2555 3362 2680 3425 sibi

407 3459 722 3523 associare
763 3458 1057 3534 voluerit,
1101 3460 1294 3541 prout
1337 3461 1468 3520 tres
1507 3455 1804 3519 monachi
1849 3455 2211 3539 percipiant
2255 3464 2321 3521 et
2359 3459 2682 3543 percipere

407 3563 919 3637 consueverunt3
963 3563 1030 3621 et
1074 3556 1270 3621 etiam
1317 3555 1396 3620 de
1442 3555 1737 3638 coquina,
1766 3574 1881 3638 per
1922 3561 2052 3619 tres
2098 3555 2235 3621 dies
2275 3558 2566 3623 carnium
2611 3564 2680 3625 in

407 3656 777 3734 ebdomada,
819 3662 1011 3740 prout
1059 3663 1189 3720 tres
1249 3654 1548 3719 monachi
1591 3655 1663 3718 in
1706 3674 1930 3718 mensa
1974 3656 2266 3733 Abbatis,
2296 3643 2696 3725 assumendo'

405 3755 611 3821 dictas
641 3777 862 3821 carnes
891 3755 1125 3820 crudas
1155 3754 1260 3819 vel
1289 3761 1501 3819 coctas
1545 3774 1662 3838 pro
1705 3753 1893 3818 libito
1935 3776 2087 3835 suo;
2131 3756 2360 3821 diebus
2404 3758 2679 3841 piscium

406 3854 752 3939 cujuslibet
810 3850 1197 3930 ebdomadae,
1249 3860 1443 3936 prout
1501 3859 1635 3917 tres
1693 3852 1996 3918 monachi
2039 3854 2109 3916 in
2154 3854 2487 3920 refectorio
2538 3878 2679 3941 per-

406 3955 661 4038 cipiunt
731 3955 873 4019 sine
933 3953 1367 4019 diminutione
1440 3952 1676 4036 aliqua,
1750 3956 1816 4016 et
1881 3958 2010 4018 tres
2082 3959 2298 4036 petras
2372 3958 2541 4020 casei
2600 3958 2679 4023 de

407 4074 748 4119 communa
779 4056 861 4119 ad
891 4055 1133 4118 festum
1163 4054 1226 4118 S.
1260 4053 1478 4117 Hildae
1506 4054 1578 4116 in
1621 4057 1996 4136 autumpno.
2088 4053 2346 4117 Habeat
2375 4056 2573 4120 etiam
2613 4067 2682 4124 et

404 4154 721 4238 percipiat
778 4154 1073 4238 quolibet
1131 4153 1235 4217 die
1284 4173 1401 4236 pro
1453 4172 1584 4216 uno
1635 4151 1878 4216 valetto
1929 4156 1997 4216 et
2046 4172 2179 4216 uno
2230 4172 2379 4217 coco
2431 4160 2499 4218 et
2547 4177 2679 4221 uno

405 4254 719 4338 garcione,
748 4273 910 4337 quos
940 4252 1205 4337 elegerit
1233 4253 1360 4317 sibi
1389 4253 1756 4328 servituros,
1785 4271 2038 4334 panem,
2069 4252 2461 4331 cerevisiam,
2505 4262 2571 4320 et
2600 4258 2680 4323 de

405 4354 682 4437 coquina
712 4352 1006 4437 quolibet
1036 4352 1140 4417 die
1170 4373 1286 4436 pro
1318 4353 1500 4417 victu
1531 4352 1877 4416 eorundem
1922 4358 2114 4435 prout
2141 4350 2426 4417 valettus
2456 4362 2523 4420 et
2552 4356 2680 4424 duo

405 4453 735 4537 garciones
786 4452 1065 4517 Abbatis
1108 4453 1300 4517 modo
1344 4451 1537 4517 solito
1580 4455 2019 4535 perceperunt.
2120 4451 2442 4534 Percipiat
2485 4456 2681 4521 etiam

407 4554 748 4617 annuatim
779 4550 1121 4618 duodecim
1162 4572 1406 4617 marcas
1437 4552 1687 4635 argenti
1732 4551 1811 4615 de
1841 4550 2042 4614 firmis
2087 4557 2154 4615 et
2197 4551 2557 4620 redditibus
2601 4557 2681 4621 de
