3254 5140
470 598 593 657 626
831 606 1378 660 CARTULARIUM
1416 607 1825 661 ABBATHIAE
1862 609 1961 661 DE
1996 608 2371 664 WHITEBY.

836 871 1142 938 DXOIV.
1232 871 1683 957 (Wickwaine,
1711 872 1753 938 f.
1788 877 1889 951 39,
1917 873 2048 939 and
2078 879 2147 938 at
2166 874 2208 938 f.
2244 875 2374 956 83.)

553 1010 628 1074 A.
690 1009 766 1075 G.
839 1017 1020 1074 M⁰cc⁰
1091 1007 1496 1092 octogesimo,
1553 1006 1841 1072 Domino
1912 1028 2027 1092 pro
2094 1007 2409 1073 tribunali
2480 1007 2743 1073 sedente

466 1111 640 1195 apud
657 1109 945 1194 WyIton,
964 1108 1060 1173 vii
1078 1108 1237 1172 Idus
1259 1108 1677 1191 Septembris,
1698 1109 2060 1192 comparuit
2079 1108 2391 1193 Magister
2407 1109 2454 1173 J
2456 1107 2743 1172 ohannes

464 1210 546 1275 de
597 1211 883 1287 TocoteS,
926 1210 1162 1273 Rector
1206 1207 1512 1272 Ecclesiae
1552 1205 1633 1272 de
1674 1207 1883 1285 Lithe,
1925 1213 2193 1273 vocatus
2234 1208 2318 1272 ad
2360 1206 2741 1272 instantiam

469 1310 748 1374 Abbatis
792 1315 859 1374 et
904 1309 1281 1374 Conventus
1333 1306 1414 1372 de
1458 1307 1748 1391 Wyteby
1804 1328 1920 1391 per
1966 1308 2231 1373 fratrem
2275 1307 2740 1393 Augustinum‚

467 1408 999 1474 commonachum
1070 1427 1281 1485 suum,
1354 1407 1882 1491 comparentium.
2012 1409 2099 1471 Et
2172 1428 2323 1473 cum
2403 1427 2488 1472 ex
2557 1412 2741 1491 parte

467 1509 788 1573 dictorum
829 1505 1105 1571 Abbatis
1149 1510 1217 1570 et
1260 1506 1637 1571 Conventus
1672 1514 2133 1591 proponeretur
2175 1507 2350 1592 quod
2393 1507 2739 1592 praedictus

468 1609 702 1673 Rector
772 1605 1162 1690 quibusdam
1243 1604 1512 1670 decimis
1585 1626 1748 1689 quas
1832 1607 2093 1672 nomine
2173 1607 2276 1671 sui
2356 1605 2739 1671 Monasterii

466 1705 773 1771 canonice
816 1710 1243 1790 perceperunt
1271 1705 1351 1769 ab
1382 1705 1654 1788 antiquo
1699 1705 2039 1790 spoliasset
2082 1707 2299 1770 minus
2327 1708 2522 1790 juste,
2566 1705 2739 1770 idem

468 1806 704 1870 Rector
761 1803 842 1869 de
896 1804 1278 1888 spoliatione
1329 1803 1472 1888 ipsa
1520 1804 1592 1868 in
1627 1805 1776 1889 jure
1820 1805 2172 1884 confessus,
2214 1805 2392 1870 hunc
2433 1805 2594 1870 facti
2635 1803 2739 1869 sui

466 1906 691 1990 adjicit
761 1904 1056 1982 colorem,
1115 1904 1291 1988 quod
1364 1903 1523 1968 olim
1593 1905 1868 1970 ecclesia
1925 1926 2060 1983 sua,
2118 1910 2196 1970 ut
2267 1905 2614 1983 intellexit,
2668 1906 2741 1970 in

469 2005 922 2090 praedictarum
973 2002 1368 2068 decimarum
1417 2004 1820 2087 possessione
1894 2005 2115 2069 extitit
2178 2005 2461 2088 pacifica,
2520 2004 2743 2088 sicque

331 2167 335 2172 .
464 2105 735 2171 consilio
781 2123 940 2168 usus
987 2102 1204 2167 minus
1261 2104 1550 2188 provido,
1597 2124 1732 2168 non
1779 2103 2102 2169 malitiose
2148 2105 2220 2168 in
2266 2104 2388 2170 hac
2430 2108 2614 2187 parte
2657 2102 2740 2168 de

463 2205 635 2269 facto
677 2203 1006 2289 processit.
1096 2203 1437 2281 Dominus,
1483 2223 1654 2280 ver0,
1701 2204 1945 2268 auditis
1995 2203 2495 2288 allegationibus
2536 2203 2740 2287 partis

464 2305 803 2388 utriusque
875 2301 1258 2387 praedictum
1315 2300 1790 2367 Monasterium
1856 2303 1939 2367 ad
1997 2303 2467 2387 possessionem
2541 2322 2737 2387 quam

462 2403 694 2468 habuit
744 2402 1041 2466 similiter
1098 2401 1402 2478 restituit,
1462 2402 1803 2467 Rectorem
1860 2402 2077 2487 ipsum
2128 2402 2211 2466 ad
2261 2402 2736 2467 restitutionem

464 2502 856 2567 decimarum
884 2505 1333 2584 perceptarum
1361 2498 1432 2563 in
1462 2500 1667 2585 partis
1710 2500 2160 2585 praejudicium
2204 2501 2504 2579 adversas,
2533 2504 2610 2564 ut
2637 2503 2739 2564 est

461 2600 859 2685 praedictum,
917 2597 1317 2681 integraliter
1373 2597 1944 2682 condempnando;
2001 2599 2116 2685 qui
2168 2600 2405 2665 Rector
2459 2600 2599 2684 ipse
2663 2600 2737 2662 in

462 2699 701 2763 indicio
745 2698 988 2780 absque
1033 2695 1468 2762 diminutione
1516 2697 1808 2782 qualibet
1849 2699 2187 2764 restituere
2230 2699 2526 2783 promisit
2569 2699 2738 2763 bona

461 2797 606 2874 fide,
658 2795 840 2861 salva
889 2793 1099 2859 eidem
1151 2795 1411 2859 Rectori
1461 2796 1872 2879 proprietatis
1922 2798 2279 2882 quaestione
2330 2797 2413 2862 ad
2456 2798 2737 2863 decimas

462 2894 839 2972 antedictas,
890 2893 997 2958 cui
1054 2893 1378 2958 Dominus
1436 2914 1553 2979 per
1610 2915 1804 2959 suum
1864 2895 2192 2962 decretum
2249 2896 2516 2962 minime
2572 2918 2737 2981 prae-

455 2996 744 3081 judicare
774 2992 1056 3058 intendit
1084 2993 1379 3077 superius
1409 2999 1807 3059 annotatum.

1027 3255 1332 3321 DXOIV.
1365 3271 1424 3319 A.
1516 3256 1892 3339 (Romanus,
1923 3257 1965 3321 f.
2002 3254 2161 3341 34¹³.)

460 3394 566 3459 Ur
609 3408 1034 3457 AnmrrA'rnR
1073 3391 1461 3457 MoNAchs
1504 3408 1592 3455 nn
1638 3394 2243 3485 Muumunirrom
2285 3410 2359 3458 m
2401 3395 2606 3460 Domo
2646 3411 2733 3460 ns

932 3491 1230 3555 Wrrsnr
1258 3507 1378 3555 PRo
1407 3507 1824 3556 POEmrsum
1852 3508 2260 3557 PERAGENDA.

544 3644 590 3710 J
593 3642 879 3708 ohannes
909 3640 976 3705 P.
1007 3641 1088 3705 D.
1121 3646 1257 3719 etc„
1275 3640 1528 3707 dilectis
1558 3641 1630 3705 in
1661 3641 1919 3707 Christo
1962 3643 2132 3721 filiis,
2160 3643 2406 3708 Abbati
2435 3650 2501 3709 et
2532 3645 2728 3711 Conv.

456 3743 538 3809 de
565 3741 900 3827 Wytheby
928 3739 1220 3818 salutem,
1248 3742 1520 3825 gratiam
1550 3746 1616 3806 et
1646 3742 2174 3807 benedictionem.
2250 3743 2516 3809 Summo
2545 3746 2732 3811 nobis

455 3848 555 3909 est
583 3841 799 3908 studio
828 3840 999 3905 sicut
1026 3840 1347 3905 incumbit
1368 3860 1450 3905 ex
1479 3840 1699 3906 debito
1722 3841 1917 3906 saluti
1946 3843 2305 3925 prospicere
2328 3843 2732 3910 subditorum

455 3950 522 4009 et
555 3941 1018 4026 Religiosorum
1049 3940 1370 4024 praecipue
1399 3960 1671 4024 quorum
1704 3940 2331 4024 indisciplinatorum
2361 3964 2531 4008 error
2574 3944 2732 4009 dum

455 4065 524 4111 se
553 4040 963 4126 impudenter
991 4039 1225 4124 ingerit
1257 4039 1430 4104 inter
1464 4039 1840 4104 claustrales
1884 4040 2260 4124 proximiori
2301 4043 2585 4126 periculo
2629 4049 2731 4109 est

455 4143 768 4210 addictus,
834 4138 1208 4204 Willelmus
1226 4139 1446 4223 itaque
1466 4139 1545 4204 de
1561 4139 1953 4218 Wadworth,
1973 4140 2327 4206 monachus
2347 4140 2427 4207 de
2447 4142 2732 4209 Munke-

452 4245 747 4309 brettona
804 4246 1039 4304 nostrae
1097 4238 1436 4316 dioceseos,
1488 4245 1750 4323 propter
1799 4239 2110 4305 demerita
2153 4246 2221 4306 et
2262 4246 2476 4306 reatus
2519 4241 2726 4327 ipsius

452 4363 597 4428 quse
634 4340 959 4405 visitando
999 4343 1066 4404 et
1106 4338 1490 4423 inquirendo
1535 4339 1869 4406 evidenter
1910 4341 2282 4424 reperimus,
2324 4341 2439 4405 ubi
2478 4341 2728 4426 Regula

451 4438 858 4507 Monachalis
903 4438 1248 4504 salubriter
1290 4443 1357 4503 et
1399 4438 1641 4518 stricte,
1687 4441 1858 4506 sicut
1902 4440 2303 4518 confidimus,
2333 4441 2727 4521 observatur,

452 4536 954 4605 transmittimus
999 4536 1082 4601 ad
1124 4536 1534 4603 subeundum
1576 4538 1913 4606 humiliter
1954 4561 2070 4625 per
2111 4561 2228 4606 nos
2271 4539 2727 4625 poenitentiam
