3254 5140
754 569 1292 619 GARTULARIUM
1331 571 1736 621 ABBATHIAE
1775 572 1873 622 DE
1907 571 2282 621 WHITEBY.
2534 558 2651 615 381

375 728 574 794 iidem
641 731 865 795 Abbas
942 738 1008 797 et
1082 733 1457 799 Conventus
1530 736 1700 819 parti
1771 735 1965 817 hujus
2033 734 2395 799 indenturae
2456 752 2655 817 penes

370 828 621 893 dictum
681 831 1044 896 Walterum
1106 834 1413 897 residenti
1467 834 1756 917 sigillum
1808 854 2150 897 commune
2206 832 2496 916 Capituli
2552 831 2654 895 sui

374 938 828 1011 apposuerunt,
873 952 945 995 ac
982 931 1155 995 idem
1197 932 1525 995 Walterus
1566 932 1738 1015 parti
1774 952 1972 1017 penes
2003 932 2260 997 eosdem
2303 931 2658 1013 Religiosos

375 1030 734 1093 remanenti
766 1030 1054 1115 sigillum
1087 1052 1276 1095 suum
1307 1033 1623 1115 apposuit.

1298 1242 1736 1308 CCCCXXV.

465 1389 953 1455 Memorandum
983 1392 1064 1455 de
1094 1391 1405 1456 descensu
1449 1399 1632 1457 terrae
1665 1394 1742 1456 de
1776 1392 2154 1475 Uplitbome
2185 1392 2349 1455 datae
2395 1391 2654 1454 Monas-

376 1489 538 1553 terio
590 1489 668 1553 de
714 1490 1042 1575 Whiteby.
1152 1492 1253 1556 De
1308 1492 1552 1577 Rogero
1605 1493 1685 1555 de
1738 1492 2150 1576 Argentona‚¹
2205 1491 2337 1555 filio
2391 1497 2456 1555 et
2506 1490 2654 1553 haer.

377 1587 695 1652 willelmi
725 1590 803 1654 de
832 1592 1222 1675 Argentona,
1254 1590 1679 1655 descendebat
1712 1592 1822 1675 jus
1853 1596 1917 1654 et
1947 1590 2285 1654 baereditas
2316 1588 2492 1653 illius
2523 1589 2656 1651 t’rae

377 1688 582 1752 tribus
602 1687 854 1753 filiabus
879 1690 1125 1773 Rogeri‚
1152 1690 1635 1774 scil—Agneti,
1653 1691 1958 1767 Asmotae,
1982 1698 2047 1754 et
2069 1689 2372 1753 Elisabet,
2438 1689 2655 1751 Prima

377 1785 592 1869 Agnes
623 1787 1006 1871 desponsata
1035 1796 1170 1852 erat
1199 1789 1481 1853 Domino
1521 1789 1823 1873 Philippo
1854 1790 1987 1853 filio
2019 1789 2282 1866 Arnisii,
2312 1789 2390 1852 de
2421 1787 2657 1871 quibus

378 1886 538 1949 exiit
580 1886 625 1950 J
629 1886 846 1950 uliana
890 1887 969 1951 de
1015 1888 1344 1953 Fontibus,
1435 1889 1749 1966 Secunda,
1777 1890 2066 1965 Asmota‚
2095 1889 2477 1971 desponsata
2522 1891 2657 1950 erat

378 1984 643 2049 Alberto
674 1987 753 2051 de
786 1988 1190 2065 Crawcestre‚
1220 1988 1299 2052 de
1330 1989 1566 2072 quibus
1598 1989 1893 2053 exierunt
1919 1989 2036 2052 Ivo
2068 1996 2134 2052 et
2155 1987 2515 2071 Jacob[us],
2539 1986 2655 2069 qui

379 2084 674 2149 obierunt
703 2086 841 2151 sine
877 2086 1128 2152 haerede
1159 2088 1237 2152 de
1268 2108 1351 2154 se.
1440 2088 1732 2153 Elisabet
1778 2088 2160 2172 desponsata
2205 2093 2338 2150 erat
2366 2085 2654 2150 Waltero

377 2184 457 2248 de
488 2185 858 2264 Karletona‚
882 2187 961 2251 de
991 2188 1227 2270 quibus
1259 2188 1555 2252 exierunt
1584 2188 1971 2265 willelmus,
1995 2186 2300 2263 Elisabet,
2323 2191 2386 2250 et
2417 2187 2656 2269 Agma,

378 2284 493 2367 qui
522 2284 818 2349 obierunt
848 2287 985 2350 sine
1015 2286 1281 2352 haerede.

1029 2499 1501 2566 CCCCXXVI.
1550 2500 2014 2564 HmDERWELL.

464 2651 605 2733 (35)
661 2650 977 2714 Omnibus
1031 2651 1159 2714 Dei
1210 2650 1508 2715 fidelibus
1560 2651 1933 2715 Willelmus
1984 2649 2308 2714 Wirsald’2
2360 2651 2652 2715 salutem.

378 2749 607 2813 Sciatis
652 2771 754 2814 me
799 2750 958 2826 ded„
1003 2751 1390 2815 concedente
1434 2751 1567 2815 fflio
1612 2772 1754 2816 meo
1792 2751 2139 2827 willelme,
2174 2771 2288 2835 pro
2333 2772 2379 2815 s.
2423 2751 2654 2814 animae

376 2869 534 2912 meae
579 2854 645 2913 et
688 2870 801 2933 pro
847 2850 1202 2914 salvatione
1238 2851 1527 2914 omnium
1560 2851 1849 2914 d’norum
1894 2870 2180 2914 meorum
2211 2856 2277 2913 et
2306 2850 2654 2914 amicorum

377 2969 682 3025 meorum,
712 2970 909 3013 unam
945 2949 1277 3014 dimidiam
1325 2958 1687 3014 carucatam
1733 2951 1864 3013 t'rae
1909 2971 2057 3013 cum
2103 2950 2263 3013 tofto
2293 2949 2364 3011 in
2396 2948 2654 3012 Hilder·

377 3049 576 3126 welle,
599 3049 691 3112 ita
720 3048 829 3112 lib.
856 3056 921 3113 et
942 3049 1069 3132 qui.
1096 3049 1174 3113 de
1205 3051 1503 3114 omnibus
1528 3050 1967 3114 occasionibus
1998 3049 2165 3113 sicut
2195 3069 2310 3132 ego
2340 3048 2656 3124 tenebam,

375 3147 516 3212 Deo
546 3155 611 3212 et
644 3148 702 3212 S.
735 3149 926 3212 Petro
971 3155 1037 3211 et
1083 3148 1384 3213 fratribus
1416 3149 1494 3212 de
1524 3148 1839 3231 Whiteby
1871 3149 1941 3211 in
1986 3147 2399 3212 elemosinam
2418 3170 2433 3225 ;
2480 3153 2545 3210 et
2575 3147 2654 3211 de

374 3247 489 3311 ina
517 3253 683 3312 terra
712 3249 892 3331 prius
937 3247 1194 3312 seisiavi
1239 3248 1524 3312 Priorem
1554 3248 1918 3311 Walterum
1960 3268 2074 3330 per
2116 3267 2319 3309 unum
2351 3245 2653 3308 baculum

375 3347 445 3409 in
478 3346 892 3411 Hilderwelle
922 3367 1132 3411 coram
1164 3347 1389 3410 multis
1420 3347 1716 3423 testibus,
1747 3353 1811 3410 et
1840 3354 1987 3430 post
2017 3367 2130 3430 ego
2161 3350 2227 3408 et
2257 3343 2428 3409 filius
2474 3365 2656 3409 meus

375 3445 740 3510 Willelmus
789 3446 1142 3530 optulimus
1194 3446 1377 3509 illam
1422 3447 1605 3509 t’ram
1658 3467 1772 3530 per
1823 3467 2026 3509 unum
2074 3445 2412 3509 cultellum
2464 3466 2655 3529 super

374 3545 572 3610 altare
618 3546 677 3610 S.
710 3546 887 3609 Petri
931 3547 1001 3609 in
1029 3545 1358 3629 Whiteby,
1389 3552 1454 3610 et
1498 3552 1645 3629 post
1690 3545 2077 3610 oblationem
2119 3545 2413 3610 dedimus
2458 3546 2654 3610 male-

376 3645 721 3709 dictionem
744 3647 871 3710 Dei
896 3653 961 3710 et
980 3653 1268 3709 nostrum
1300 3647 1598 3708 omnibus
1631 3645 1756 3709 hiis
1787 3646 1901 3729 qui
1932 3645 2236 3710 Ecclesiae
2259 3656 2324 3709 et
2345 3645 2653 3710 fratribus

376 3744 455 3808 de
484 3743 597 3808 illa
625 3753 793 3808 terra
814 3744 1116 3827 injuriam
1140 3750 1206 3808 et
1229 3743 1597 3808 violentiam
1634 3744 1929 3809 facerent.
2006 3744 2223 3827 Hujus
2253 3744 2654 3808 donationis⁸

374 3851 528 3908 sunt
558 3851 752 3908 testes
783 3843 878 3906 hii
898 3843 1126 3908 :—Ulf
1152 3843 1473 3907 Presbiter
1504 3850 1569 3907 et
1598 3842 1728 3908 alii.

1257 4055 1772 4120 CCCCXXVII.

459 4206 705 4269 Notum
735 4205 823 4269 sit
852 4226 1016 4269 omn.
1043 4205 1168 4269 vid.
1201 4214 1267 4269 et
1296 4205 1439 4268 aud.
1471 4206 1586 4269 has
1615 4204 1863 4269 litteras
1894 4205 2065 4288 quod
2099 4225 2229 4289 ego,
2262 4206 2649 4272 Benedictus

372 4305 608 4382 Abbas,
654 4305 979 4370 communi
1026 4325 1289 4370 assensu
1344 4304 1631 4388 Capituli
1677 4306 1753 4368 de
1806 4304 2135 4387 Whiteby,
2168 4305 2316 4370 dedi
2362 4313 2428 4370 et
2476 4327 2651 4373 conc.

445 4458 457 4490 ¹
498 4461 593 4509 See
618 4462 745 4509 note
768 4462 827 4509 to
856 4458 938 4516 71,
966 4475 1014 4525 p.
1047 4460 1130 4510 65.

441 4542 463 4573 ²
499 4543 594 4593 See
619 4543 717 4594 Nc.
756 4545 797 4603 1,
828 4557 877 4607 p.
908 4542 956 4604 7,
982 4542 1089 4592 and
1115 4542 1213 4591 Nn.
1253 4544 1368 4600 100,
1398 4541 1502 4591 and
1528 4541 1618 4591 the
1646 4547 1782 4592 noto.
2375 4541 2397 4574 ³
2431 4544 2580 4595 dom'.
