3254 5140
590 572 713 631 402
986 584 1527 637 CARTULARIUM
1563 583 1971 635 ABBATHIAE
2009 585 2107 635 DE
2141 585 2512 637 WHITEBY.

582 749 1051 814 ibidem—scil.
1072 749 1189 814 ubi
1210 757 1309 815 est
1327 769 1496 833 aqua
1514 750 1876 814 communis
1899 751 2071 815 inter
2092 771 2216 827 eOS,
2239 751 2355 814 ubi
2379 749 2864 816 convenientior

582 848 706 912 erit
736 849 934 925 locuS,
966 857 1035 914 et
1076 849 1282 932 magis
1328 849 1468 912 sine
1513 848 1997 932 dampno—ita,
2029 849 2164 914 scil.
2198 850 2372 933 quod
2416 871 2620 913 unum
2666 855 2864 932 caput

581 949 797 1031 pontis
827 950 1190 1013 firmabitur
1220 969 1412 1031 supra
1443 950 1626 1012 t’ram
1673 948 1862 1031 praed.
1897 948 2278 1031 Reginaldi:
2322 956 2390 1013 et
2433 950 2732 1014 omnibus
2777 947 2861 1012 ad

581 1054 846 1129 pontem
875 1048 1065 1111 illum
1093 1048 1508 1112 venientibus
1538 1046 1817 1110 liberum
1849 1048 2167 1112 concessit
2208 1048 2334 1112 iter
2378 1052 2443 1112 et
2486 1068 2856 1132 regressum.

582 1146 707 1209 Pro
759 1168 889 1230 qua
940 1146 1349 1211 concessione
1407 1144 1703 1228 praedicti
1752 1146 1974 1210 Abbas
2028 1152 2095 1209 et
2147 1147 2345 1212 conv,
2400 1167 2622 1211 omnes
2675 1152 2857 1210 ante-

582 1264 858 1311 cessores
902 1247 1190 1330 ejusdem
1236 1244 1576 1329 Reginaldi
1619 1245 1704 1308 ab
1749 1244 1927 1307 omni
1970 1245 2162 1329 culpa
2205 1247 2754 1331 transgressionis,
2799 1245 2858 1309 si

581 1365 778 1428 quam
828 1345 1136 1409 adversus
1186 1343 1545 1409 Ecclesiam
1597 1344 1677 1408 de
1721 1344 2038 1427 Whiteby
2082 1345 2380 1429 egissent,
2424 1347 2498 1410 in
2551 1345 2855 1430 Capitulo

581 1444 1015 1520 absolverunt,
1045 1448 1112 1508 et
1141 1464 1248 1507 eos
1277 1443 1629 1527 participes
1659 1444 1952 1508 omnium
1980 1444 2314 1521 bonorum,
2337 1444 2857 1521 elemosinarum,

580 1542 944 1607 orationum
1009 1563 1153 1626 quae
1218 1543 1387 1606 fiunt
1450 1542 1522 1604 in
1589 1541 1757 1607 Eccl.
1827 1542 1908 1607 de
1967 1544 2300 1627 Whiteby,
2360 1546 2852 1610 constituerunt.

581 1641 822 1705 Praeter
851 1640 1008 1717 haec,
1038 1662 1206 1716 vero,
1238 1641 1491 1724 praefati
1534 1641 1759 1704 Abbas
1805 1647 1872 1704 et
1917 1642 2116 1705 Conv.
2148 1643 2318 1707 Eccl.
2355 1643 2411 1707 S.
2460 1644 2640 1707 Petri
2683 1649 2750 1706 et
2794 1645 2855 1709 S.

584 1740 803 1804 Hildae
833 1740 913 1805 de
942 1740 1251 1824 Whiteby
1299 1746 1759 1805 concesserunt
1801 1741 2069 1824 praefato
2115 1742 2473 1826 Reginaldo
2517 1743 2599 1806 de
2643 1743 2857 1821 Rosel,

581 1845 649 1903 et
690 1840 836 1905 haer.
883 1841 1018 1905 suis
1063 1840 1349 1924 imperp.,
1393 1839 1708 1924 quamdiu
1752 1841 1909 1924 ipse,
1939 1841 2044 1905 vel
2089 1841 2237 1906 haer.
2283 1843 2386 1906 sui
2429 1848 2576 1926 post
2620 1844 2854 1926 ipsum,

580 1940 911 2005 tenuerint
960 1940 1185 2003 villam
1238 1946 1304 2004 et
1361 1939 1809 2003 molendinum
1869 1938 1948 2003 de
2006 1940 2271 2025 Aselby,
2324 1942 2406 2005 ad
2465 1943 2852 2006 firmandum

579 2040 965 2104 rationabile
994 2047 1295 2123 stagnum
1327 2060 1521 2123 super
1548 2039 1734 2103 t’ram
1757 2040 2043 2123 ipsorum
2066 2040 2527 2105 monachorum
2550 2043 2630 2106 ad
2659 2042 2852 2125 praed.

581 2139 854 2205 molend.
915 2139 994 2203 de
1052 2139 1495 2223 Aselby—Ita
1554 2138 1728 2221 quod
1780 2158 1891 2221 per
1939 2139 2153 2202 visum
2207 2139 2497 2203 fidelium
2548 2140 2853 2217 virorum,

581 2240 930 2304 amicorum
961 2239 1297 2320 utriusque
1327 2238 1546 2321 partiS,
1592 2257 1725 2300 non
1769 2237 1857 2301 sit
1900 2237 1981 2300 ad
2026 2245 2491 2303 nocumentum
2535 2239 2852 2303 molendi-

582 2359 811 2402 norum
842 2340 922 2402 ad
952 2338 1299 2402 monachos
1343 2337 1829 2420 pertinentium.
1919 2336 2006 2399 Et
2047 2357 2161 2420 pro
2207 2338 2397 2420 praed.
2430 2338 2853 2404 affirmatione

584 2438 833 2521 praefati
876 2437 1108 2521 stagni,
1136 2436 1328 2520 praed.
1362 2436 1761 2519 Reginaldus
1807 2434 1998 2499 homo
2042 2437 2166 2500 erit
2208 2436 2404 2520 ligius
2448 2438 2727 2503 Abbatis
2772 2439 2852 2504 de

582 2536 896 2620 Whiteby
956 2536 1328 2620 quicunque
1379 2534 1593 2611 fuerit,
1641 2539 1708 2599 et
1759 2541 1910 2619 post
1961 2534 2175 2619 ipsum
2228 2536 2658 2622 Reginaldum
2710 2538 2851 2622 ejus

581 2635 782 2700 haeres
825 2636 1318 2720 imperpetuum.
1407 2634 1495 2698 Et
1538 2634 1809 2698 reddent
1853 2635 2191 2699 annuatim
2235 2636 2499 2721 imperp.
2533 2658 2647 2721 pro
2692 2658 2852 2721 prae-

580 2736 754 2799 dicta
783 2736 1186 2800 rationabilis
1217 2735 1432 2819 stagni
1477 2734 1900 2798 affirmatione
1946 2741 2074 2799 tres
2119 2735 2579 2800 solidos—scil.
2627 2737 2848 2803 decem

581 2840 648 2899 et
677 2841 818 2899 octo
850 2835 1143 2900 denarios
1174 2842 1239 2899 et
1270 2836 1309 2899 f.
1345 2835 1404 2899 S.
1439 2833 1734 2911 Martini,
1765 2840 1830 2898 et
1859 2834 2078 2899 decem
2110 2842 2176 2900 et
2207 2841 2349 2900 octo
2395 2836 2539 2901 den.
2569 2838 2652 2900 ad
2683 2838 2852 2902 Pen-

580 2943 882 3001 tecosten.
972 2936 1060 2999 Et
1086 2935 1335 3018 juravit
1365 2933 1759 3017 Reginaldus
1805 2934 1874 2996 in
1922 2934 2226 3017 Capitulo
2268 2935 2347 2999 de
2377 2935 2708 3019 Whiteby,
2736 2958 2849 3020 pro

580 3055 648 3099 se
692 3043 758 3100 et
801 3035 947 3099 haer.
994 3035 1146 3111 suiS,
1190 3034 1528 3118 praedictas
1574 3033 2033 3097 conventiones
2085 3054 2154 3098 se
2206 3034 2673 3100 observaturos.
2761 3038 2850 3100 Et

578 3141 654 3199 ut
695 3135 886 3219 praed.
918 3135 1374 3199 conventiones
1419 3132 1689 3197 firmiter
1735 3133 2158 3197 observentur
2200 3133 2465 3217 inperp.‚
2519 3134 2631 3218 sig.
2681 3135 2847 3199 Con-

579 3242 813 3299 ventus
850 3234 929 3299 de
958 3233 1273 3318 Whiteby
1303 3239 1368 3298 et
1399 3234 1510 3316 sig.
1542 3232 1748 3315 ipsius
1794 3231 2134 3316 Reginaldi
2179 3254 2260 3297 ex
2305 3234 2625 3299 alternata
2667 3244 2848 3319 parte

580 3342 1013 3417 apposuerunt
1043 3334 1112 3396 in
1143 3332 1610 3397 testimonium.
1703 3331 1854 3396 Hiis
1884 3332 2177 3397 testibus,

1476 3517 1941 3583 CCCCXLIX.

664 3642 837 3726 (49¹³)
884 3643 1045 3706 Haec
1090 3648 1189 3707 est
1221 3642 1558 3706 concordia
1604 3643 1776 3707 facta
1808 3643 1913 3706 die
1944 3642 2265 3708 dominica
2294 3664 2472 3727 prOX.
2503 3651 2650 3728 post
2683 3647 2845 3711 Con-

576 3745 937 3809 versionem
1011 3744 1081 3807 B.
1146 3740 1332 3805 Pauli
1407 3741 1725 3825 Apostoli,
1785 3743 1862 3806 A.
1924 3743 2107 3827 regni
2168 3744 2318 3827 Reg.
2382 3745 2669 3824 Henrici,
2728 3747 2846 3810 filii

575 3884 630 3936 It
656 3899 873 3951 appears
900 3886 959 3934 to
995 3882 1132 3933 bave
1169 3880 1333 3931 fallen
1367 3897 1510 3931 some
1534 3881 1666 3931 time
1703 3881 1761 3931 in
1795 3880 1888 3931 the
1914 3881 2186 3932 sixteenth
2211 3887 2450 3947 century,
2478 3883 2584 3933 and
2619 3888 2678 3935 to
2712 3884 2847 3936 have

571 3968 705 4019 been
729 3967 927 4018 rebuilt
951 3966 1025 4031 by
1051 3966 1279 4016 Thomas
1299 3964 1472 4015 Fet-ris
1500 3967 1579 4026 (or
1603 3963 1783 4026 Fit-ris)
1825 3964 1880 4014 of
1916 3964 2063 4025 Eun,
2098 3964 2276 4016 whose
2311 3965 2528 4028 initials,
2553 3967 2688 4018 with
2723 3968 2848 4019 date

573 4055 771 4114 (1621),
803 4068 890 4102 are
915 4050 1027 4102 still
1051 4054 1109 4100 to
1134 4049 1200 4100 be
1225 4065 1346 4100 seen
1373 4064 1441 4099 on
1466 4064 1498 4099 a
1532 4051 1805 4112 top-stone
1842 4063 1911 4097 on
1947 4047 2040 4097 the
2079 4051 2193 4099 east
2228 4048 2355 4099 side.
2429 4049 2542 4100 The
2579 4050 2669 4101 old
2706 4051 2845 4102 four-

570 4135 1003 4199 teenth-century
1029 4133 1217 4199 coping
1241 4133 1286 4183 is
1311 4132 1422 4182 still
1446 4131 1501 4181 in
1527 4131 1599 4182 its
1625 4131 1788 4196 place,
1814 4131 2090 4198 surviving
2114 4135 2170 4181 to
2207 4135 2375 4183 attest
2399 4132 2492 4182 the
2516 4132 2640 4183 date
2664 4134 2721 4184 of
2756 4135 2848 4186 the

570 4217 791 4283 original
826 4217 1011 4283 bridge
1033 4236 1047 4277 ;
1082 4216 1187 4266 ancl
1213 4216 1258 4267 it
1284 4232 1404 4280 may
1430 4215 1496 4264 be
1521 4214 1778 4265 obser-ved
1802 4214 1924 4265 that
1949 4214 2079 4266 both
2105 4215 2198 4266 the
2225 4215 2500 4267 Castleton
2525 4216 2718 4284 Bridge
2741 4218 2847 4269 aud

569 4300 692 4351 that
725 4298 896 4350 below
933 4298 1131 4363 Danby
1167 4298 1345 4349 Castle
1371 4297 1505 4348 have
1544 4297 1818 4362 evidently
1855 4297 1988 4347 been
2025 4297 2236 4360 rebant,
2263 4298 2364 4349 but
2399 4299 2524 4366 long
2559 4299 2716 4361 since,
2743 4300 2847 4351 and

570 4380 707 4432 with
730 4381 824 4431 the
850 4381 939 4431 old
962 4380 1231 4431 materials
1267 4379 1629 4445 re-employed
1665 4380 1859 4431 almost
1896 4379 2234 4446 exclusively.
2312 4381 2469 4432 From
2505 4382 2599 4434 the
2634 4386 2849 4449 present

569 4466 871 4526 document,
902 4464 948 4515 it
971 4464 1017 4514 is
1040 4469 1297 4530 apparent
1320 4463 1443 4514 that
1468 4463 1560 4513 the
1587 4462 1819 4529 Sleights
1843 4463 2038 4530 Bridge
2064 4479 2172 4514 was
2208 4464 2301 4515 the
2337 4465 2673 4530 predecessor
2696 4467 2753 4517 of
2776 4467 2846 4517 all

569 4550 720 4602 these
744 4548 925 4600 others
942 4547 1155 4599 thrown
1180 4563 1353 4598 across
1376 4547 1472 4598 the
1495 4563 1641 4597 same
1666 4551 1860 4598 stream
1887 4547 1940 4597 in
1967 4546 2038 4598 its
2063 4546 2251 4615 higher
2274 4548 2526 4614 portione.
