3254 5140
773 586 1315 638 CARTULARIUM
1354 587 1763 638 ABBATfflAE
1798 587 1897 638 DE
1927 587 2301 639 WHITEBY.
2538 575 2660 634 675

385 750 501 833 qui
553 750 755 826 novit,
808 750 1068 814 domino
1115 751 1255 815 Deo
1301 751 1572 816 nostr0.''
1665 752 1867 816 Vovit
1919 771 2065 836 ergo
2117 751 2308 834 quod,
2360 750 2419 815 si
2459 749 2667 813 victor

381 849 705 927 existeret,
734 849 940 913 filiam
984 870 1168 914 suam
1207 850 1492 915 Domino
1537 870 1717 914 sacra
1745 850 2123 933 virginitate
2168 850 2425 926 dicaret,
2469 847 2664 913 simul

385 957 452 1014 et
523 951 620 1014 xii
693 951 1058 1014 mansiones
1130 950 1519 1034 praediorum
1592 950 1676 1013 ad
1749 948 2204 1014 constituenda
2275 948 2664 1013 monasteria

385 1048 672 1115 donaret.
760 1051 848 1114 Et
898 1049 991 1114 sic
1044 1069 1241 1132 parvo
1301 1049 1581 1132 stipatus
1645 1050 1902 1133 agmine
1953 1070 2021 1113 se
2075 1048 2409 1112 certamini
2468 1047 2667 1121 dedit,

385 1148 667 1232 denique
711 1149 915 1213 fertur
956 1169 1278 1233 paganum
1323 1148 1540 1212 tricies
1591 1150 1900 1232 majorem
1945 1147 2301 1212 exercitum
2345 1146 2666 1222 habuisse,

383 1268 536 1312 nam
568 1235 841 1312 ducibus
870 1269 1007 1311 xxx
1037 1248 1119 1312 ad
1149 1248 1395 1312 bellum
1425 1247 1772 1331 diligenter
1799 1247 2153 1324 instructiS,
2186 1246 2438 1310 Oswius
2470 1245 2666 1321 solus,

307 1352 312 1356 ’
385 1368 534 1411 cum
578 1348 714 1412 filio
756 1347 1068 1424 Aelfrido,
1102 1347 1359 1412 Christo
1407 1347 1567 1411 duce
1611 1367 1966 1422 occurrenS,
2002 1346 2150 1409 illos
2194 1346 2348 1430 fuga
2376 1345 2554 1421 vicit,
2599 1349 2665 1408 et

383 1446 455 1508 in
485 1446 813 1529 sequendo
843 1447 1136 1530 peremit.
2179 1432 2186 1438 ’

475 1546 728 1611 Cecidit
758 1547 928 1609 int-er
957 1552 1219 1610 caeteros
1265 1546 1485 1609 Penda
1515 1566 1629 1610 rex
1660 1545 2114 1628 nequissimus,
2143 1544 2258 1628 qui
2289 1550 2386 1608 tot
2417 1544 2664 1608 nobiles

383 1645 523 1709 vita
566 1644 905 1728 temporali
948 1644 1245 1728 privavit.
1338 1644 1589 1709 Cecidit
1619 1665 1735 1708 rex
1765 1644 2183 1707 AEthelherus
2229 1644 2427 1707 frater
2453 1642 2666 1705 Annae

383 1742 567 1827 regis,
597 1743 677 1808 de
723 1762 850 1825 quo
897 1763 1090 1825 supra
1132 1742 1563 1819 meminimuS,
1595 1748 1817 1805 auctor
1846 1742 1984 1825 ipse
2026 1742 2204 1818 belli,
2235 1742 2366 1824 qui,
2394 1740 2665 1824 perditis

386 1843 722 1919 militibus,
773 1841 986 1905 noluit
1038 1841 1213 1905 solus
1265 1842 1486 1925 perire.
1597 1842 1684 1905 Et
1736 1841 1890 1925 quia
1948 1861 2146 1924 prope
2205 1841 2498 1917 fluvium,
2550 1839 2664 1923 qui

386 1942 689 2005 Winwed
741 1941 997 2017 dicitur,
1048 1946 1410 2024 pugnatum
1470 1945 1586 2015 est,
1647 1940 1761 2022 qui
1819 1947 1979 2003 tunc
2037 1959 2155 2022 per
2211 1939 2662 2003 inundantiam

384 2040 756 2123 pluviarum
815 2060 1037 2104 omnes
1095 2045 1301 2103 metas
1361 2059 1512 2102 suas
1570 2038 1933 2114 transierat,
1992 2038 2265 2122 contigit
2321 2044 2398 2101 ut
2455 2038 2663 2101 multo

384 2140 599 2222 plures
645 2161 813 2224 aqua
856 2140 1175 2223 fugientes
1227 2159 1422 2221 quam
1467 2137 1784 2202 bellantes
1836 2138 2129 2221 perderet
2181 2137 2369 2202 ensis.
2472 2137 2663 2201 Unde

386 2240 591 2302 exivit
643 2240 1092 2322 proverbium:
1151 2245 1185 2270 “
1210 2239 1293 2301 In
1338 2237 1641 2301 Winwed
1687 2257 1875 2301 amne
1927 2236 2256 2300 vindicata
2308 2243 2406 2299 est
2459 2236 2663 2300 caedes

387 2338 617 2416 Annae,
669 2339 873 2403 caedes
932 2358 1156 2421 regum
1212 2337 1544 2422 Segeberti
1597 2344 1664 2400 et
1716 2336 1951 2420 Egi-ici,
2003 2335 2207 2399 caedes
2263 2335 2547 2399 Oswaldi
2599 2340 2665 2399 et

386 2437 736 2502 Eadwini.”

472 2537 653 2601 Tunc
688 2557 803 2601 rex
849 2536 1121 2614 Oswius‚
1160 2536 1355 2620 juxta
1401 2535 1574 2620 quod
1619 2535 1904 2600 Domino
1949 2539 2230 2612 voverat,
2273 2556 2387 2619 pro
2433 2533 2666 2599 collata

386 2636 511 2700 sibi
546 2635 817 2699 victoria
859 2637 1101 2720 gratias
1147 2636 1289 2699 Deo
1334 2636 1634 2711 referenS,
1665 2635 1845 2699 dedit
1889 2633 2089 2698 filiam
2135 2655 2337 2711 suam,
2366 2655 2511 2719 quae
2554 2635 2664 2698 vix

385 2736 581 2798 unius
624 2735 780 2798 anni
824 2742 1083 2799 aetatem
1126 2734 1513 2817 impleverat
1557 2743 1871 2818 perpetua
1913 2735 1995 2798 Ei
2034 2736 2404 2818 virginitate
2448 2755 2667 2799 conse-

385 2834 706 2909 crandam,
749 2833 821 2896 in
866 2834 1260 2897 Monasterio
1307 2833 1480 2917 quod
1533 2834 1892 2909 Herteseie,
1941 2834 2011 2897 id
2060 2841 2176 2911 est,
2217 2835 2433 2898 insula
2477 2834 2670 2910 cervi,

384 2938 814 3016 nuncupatur,
866 2933 972 2996 cui
1024 2940 1181 2996 tunc
1228 2932 1432 2996 Hilda
1482 2934 1745 3016 praefuit
1795 2933 2156 2998 Abbatissa.
2267 2935 2443 3011 Quae,
2495 2955 2666 2998 com-

384 3038 607 3115 parata
641 3031 1044 3115 possessione
1082 3031 1304 3096 decem
1348 3031 1759 3107 familiarum,
1787 3032 1862 3095 in
1903 3031 2044 3096 loco
2090 3032 2204 3114 qui
2248 3021 2665 3097 streneshalh

385 3131 767 3215 appellatur,
795 3131 1259 3195 monasterium
1289 3130 1382 3194 ibi
1412 3130 1791 3194 construxit.

589 3342 1073 3407 DCXXVII.A.
1122 3343 1251 3425 (Ex
1281 3341 1421 3405 vita
1451 3341 1510 3404 S.
1547 3338 1785 3416 Hildae,
1816 3338 2081 3403 Lelandi
2114 3339 2461 3404 Collectan.

1273 3452 1396 3516 vol.
1429 3451 1516 3515 iii.
1550 3472 1610 3535 p.
1649 3452 1776 3532 36.)

475 3590 941 3654 Monasterium
975 3590 1035 3654 S.
1070 3590 1287 3653 Hildae
1317 3589 1489 3673 apud
1536 3590 1930 3653 Streneshall
1974 3588 2234 3673 penitus
2270 3589 2666 3653 destructum

386 3690 515 3754 fuit
556 3690 638 3753 ab
683 3690 962 3773 Inguaro
1008 3695 1076 3753 et
1119 3689 1382 3769 Hubba,
1421 3689 1732 3772 Titusque
1777 3690 2001 3753 Abbas
2048 3688 2476 3766 Glesconiam,
2520 3710 2666 3753 cum

387 3789 678 3873 reliquiis
711 3789 771 3853 S.
809 3788 1045 3864 Hildae,
1077 3788 1343 3873 aufugit.

476 3889 876 3953 Restitutum
909 3888 1037 3950 fuit
1067 3888 1540 3951 Monasterium
1586 3888 1665 3951 de
1712 3887 2091 3965 Strenshall,
2135 3893 2423 3972 tempore
2468 3887 2669 3952 Henr.

390 3988 601 4073 primi,
632 4008 745 4072 per
776 3987 1200 4052 Guilielmum
1232 3987 1441 4052 Perse.

1030 4185 1507 4249 Dcxxwm.
1557 4186 1756 4269 (Ibid.
1790 4206 1850 4269 p.
1886 4187 2017 4267 37.)

485 4320 657 4384 Mira
707 4340 808 4384 res
862 4325 961 4383 est
1012 4319 1229 4384 videre
1281 4328 1609 4404 serpentes
1670 4322 1842 4405 apud
1904 4322 2302 4386 Streneshall
2360 4323 2430 4385 in
2490 4322 2672 4386 orbes

396 4421 651 4505 giratos,
696 4427 763 4484 et
806 4420 1221 4484 inclementia
1264 4420 1429 4495 coeli,
1471 4420 1593 4497 vel,
1638 4427 1715 4483 ut
1759 4422 2058 4485 monachi
2103 4422 2335 4497 ferunt,
2378 4421 2673 4504 precibus

398 4518 565 4583 divae
597 4518 819 4582 Hildae
848 4518 916 4581 in
947 4517 1195 4601 lapides
1225 4518 1521 4582 concreti.
1599 4520 1806 4583 Locus
1836 4520 1949 4583 ubi
1981 4541 2154 4584 nunc
2184 4521 2545 4584 coenobium
2576 4527 2675 4585 est
