3254 5140
544 610 668 668 680
921 621 1466 675 CARTULARIUM
1503 622 1909 674 ABBATHIAE
1948 623 2045 674 DE
2078 621 2453 674 WHITEBY.

540 806 872 850 servorum
949 786 1195 851 Christi
1282 787 1376 850 ibi
1456 788 1968 872 congregationis
2032 787 2386 871 reperirent
2457 786 2826 870 vestigium,

540 885 944 950 diverterunt
1002 885 1085 950 ad
1146 887 1441 964 Girvum,
1501 887 1614 950 ubi
1674 888 1882 952 ruinis
1942 887 2055 950 vix
2117 886 2607 951 ostendentibus
2666 885 2828 969 quid

540 985 904 1069 antiquitus
950 985 1208 1062 fuerint,
1257 987 1719 1051 monachorum
1766 1007 1916 1051 cum
1957 986 2281 1050 semirutis
2327 985 2614 1050 ecclesiis
2657 984 2826 1047 vise-

538 1084 776 1148 bantur
805 1083 1076 1148 aedificia
1110 1085 1336 1162 multa,
1368 1085 1666 1169 episcopo
1697 1085 2040 1149 Walchero
2071 1104 2327 1149 summa
2356 1105 2505 1149 cum
2542 1082 2825 1167 gratula-

538 1178 713 1247 tione
743 1183 890 1247 illos
921 1184 1335 1268 suscipiente,
1364 1190 1431 1248 et
1460 1184 1822 1249 necessaria
1849 1185 2192 1268 praebente.
2271 1184 2525 1246 Horum
2557 1181 2826 1246 nomina

540 1284 820 1347 fuerunt.
895 1283 1077 1346 Prior
1099 1304 1320 1347 comm
1343 1291 1532 1348 aetate
1557 1289 1622 1347 et
1646 1284 1931 1347 moribus
1955 1289 2093 1347 erat
2114 1283 2478 1358 Aldwinus,
2503 1280 2825 1347 secundus

541 1382 915 1459 EalfwinuS,
970 1383 1202 1447 tertius
1257 1382 1611 1448 Rinfridus.
1702 1384 1802 1447 Ex
1855 1382 1956 1446 his
2009 1383 2218 1447 tribus
2269 1382 2395 1445 tria
2445 1382 2515 1445 in
2567 1381 2826 1466 regione

542 1480 1128 1564 Northymbrorum
1172 1482 1534 1546 instaurata
1562 1487 1721 1546 sunt
1756 1481 2161 1546 monasteria.
2253 1481 2478 1544 Unum
2512 1479 2825 1544 Dunelmi

540 1580 714 1663 apud
786 1580 988 1663 patris
1050 1580 1392 1646 Cuthberti
1468 1602 1721 1646 sacrum
1796 1587 1862 1646 et
1933 1581 2382 1664 incorruptum
2442 1599 2691 1663 corpm,
2751 1578 2823 1642 in

539 1679 848 1743 honorem
894 1679 1146 1744 Sanctae
1192 1681 1419 1745 Mariae
1462 1682 1749 1765 virginis.
1837 1680 2041 1745 Aliud
2084 1680 2356 1744 Eboraci
2400 1679 2472 1743 in
2514 1678 2823 1742 honorem

539 1779 829 1862 ejusdem
859 1780 986 1844 Dei
1024 1780 1359 1865 genitricis
1390 1781 1636 1860 Mariae,
1664 1781 1779 1845 ubi
1809 1782 1888 1845 de
1918 1780 2274 1846 Ecclesiola
2316 1780 2562 1844 sactum
2604 1777 2825 1843 nobile

540 1880 921 1945 coenobium.
1014 1880 1308 1944 Primum
1352 1881 1653 1945 abbatem
1698 1881 1930 1945 habuit
1975 1880 2414 1964 Stephanum3
2465 1877 2824 1943 secundum

540 1978 924 2060 Ricardum;
966 1980 1234 2044 tertium
1267 1980 1691 2061 Gaufridum;
1725 1985 2030 2065 quartum
2062 1979 2480 2060 Severinum3
2519 1978 2824 2062 quintum

539 2078 945 2144 Clementem
988 2080 1102 2164 qui
1147 2087 1214 2145 et
1255 2081 1329 2143 in
1370 2079 1718 2164 praesenti.¹
1809 2079 2098 2142 Tertium
2142 2085 2360 2142 autem
2405 2078 2476 2140 in
2520 2076 2661 2141 loco
2706 2076 2822 2159 qui

540 2178 867 2260 quondam
914 2178 1358 2256 Streneshalae‚
1387 2179 1458 2243 id
1498 2187 1597 2244 est
1627 2178 1822 2243 Sinus
1851 2178 2017 2254 Fari,
2047 2198 2222 2242 nunc
2248 2177 2498 2241 Witebi
2540 2174 2826 2259 appella-

537 2281 662 2342 tur.
773 2277 876 2340 Ibi
929 2279 1097 2342 sedit
1157 2278 1405 2362 primus
1452 2280 1674 2343 Abbas
1721 2277 2131 2357 Willelmus;
2182 2278 2227 2361 ij
2276 2275 2631 2342 Nicholaus
2651 2274 2701 2356 ;2
2747 2276 2818 2358 iij

1439 2628 1921 2694 DOXXXVII.

687 2748 996 2827 (Surtees'
1026 2750 1342 2830 Durham,
1372 2753 1459 2816 iii.
1497 2759 1639 2818 395.
1729 2755 1830 2816 Ex
1862 2754 2012 2837 orig.
2043 2752 2082 2815 i.
2117 2752 2225 2815 xii.
2259 2751 2437 2835 Spec.
2472 2751 2541 2814 Β.
2578 2750 2663 2833 2.)

719 2874 1064 2940 NIGELLus
1095 2892 1181 2939 DE
1211 2878 1500 2941 ALBEINI
1530 2894 1616 2941 ns
1651 2879 1995 2942 BERM'TON
2026 2894 2105 2940 ΕΤ
2138 2877 2639 2941 SKmNmGHAM.

625 3014 986 3080 Karissimo
1038 3018 1183 3082 d’no
1229 3024 1293 3082 et
1338 3019 1520 3083 fratri
1565 3039 1682 3084 suo
1725 3018 2078 3095 willelmo,
2122 3016 2422 3101 Nigellus
2469 3016 2549 3081 de
2593 3016 2827 3081 Albini

536 3113 816 3178 salutem
846 3122 912 3179 et
955 3116 1309 3181 fraternam
1348 3118 1780 3183 dilectionem.
1870 3118 1972 3180 Ex
2003 3138 2131 3201 quo
2162 3116 2302 3180 nati
2347 3116 2589 3179 fuimus
2620 3123 2823 3201 utque

536 3234 652 3277 vos
683 3213 762 3278 de
792 3235 936 3280 mea
965 3218 1350 3282 necessitate
1381 3225 1446 3282 et
1476 3218 1740 3295 auxili0,
1771 3223 1836 3283 et
1866 3237 1970 3281 me
1993 3216 2072 3281 de
2095 3215 2325 3280 vestris
2358 3203 2509 3279 fatis
2528 3223 2823 3280 exoratos

536 3314 852 3379 existimo
922 3317 1152 3382 Precor
1174 3318 1387 3402 igitur,
1419 3320 1616 3383 frater
1639 3318 1994 3394 karissime,
2016 3327 2092 3380 ut
2115 3336 2263 3381 cum
2286 3336 2401 3399 per
2423 3315 2551 3379 Dei
2574 3315 2821 3380 miseri-

537 3415 820 3479 cordiam
852 3417 1132 3482 naturali
1179 3426 1245 3483 et
1290 3420 1535 3483 carnali
1563 3418 1827 3484 vinculo
1872 3417 2204 3501 conjuncti
2250 3416 2476 3492 simus,
2505 3415 2628 3480 hoc
2657 3415 2823 3481 alter

536 3514 619 3577 ad
677 3514 951 3579 alterum
1011 3538 1159 3581 cum
1219 3519 1568 3583 necessitas
1632 3518 1920 3583 evenerit
1972 3517 2041 3580 in
2090 3516 2322 3600 opibus
2381 3516 2819 3581 ostendamus

535 3612 841 3690 Ecclesia,
885 3615 1084 3679 frater
1119 3616 1473 3696 karissime,
1502 3624 1766 3700 peccata
1810 3636 1953 3680 mea
1997 3615 2282 3679 maxima
2310 3620 2377 3679 et
2420 3615 2820 3698 iniquitateS‚

537 3711 665 3775 Dei
709 3712 1160 3793 misericordia,
1205 3717 1455 3782 diutius
1499 3718 1769 3782 tolerare
1813 3737 1945 3780 non
1985 3715 2228 3792 valens,
2259 3715 2515 3799 flagella
2542 3716 2819 3800 justitiae

538 3832 672 3875 suae
730 3813 908 3877 carni
981 3835 1142 3879 meae
1211 3816 1583 3881 miserrimae
1642 3815 2140 3881 misericorditer
2198 3813 2505 3892 admovit,
2564 3835 2647 3879 ne
2705 3835 2822 3899 per

535 3913 955 3995 peccatricem
984 3914 1400 3979 insolentiam
1430 3917 1648 3980 anima
1677 3937 1824 3981 mea
1855 3923 2161 3980 aeternam
2191 3919 2540 3978 mereretur
2580 3913 2819 3999 gehen-

538 4032 705 4076 nam.
765 4013 902 4096 Ego
955 4014 1277 4098 siquidem
1329 4017 1483 4100 quia
1532 4017 1605 4079 in
1651 4015 2075 4100 prosperitate
2129 4034 2272 4078 mea
2323 4013 2562 4078 melius
2608 4014 2817 4078 facere

536 4112 894 4195 potuissem
922 4134 1054 4191 voa,
1099 4135 1291 4197 quem
1338 4136 1529 4199 super
1558 4135 1781 4179 omnes
1813 4114 2028 4197 diligo,
2060 4112 2319 4176 honoris
2349 4113 2479 4178 mei
2511 4118 2576 4175 et
2605 4132 2818 4176 rerum

537 4229 824 4275 mearum
883 4213 1192 4277 constitui
1251 4213 1587 4292 haeredem,
1640 4235 1714 4280 eo
1763 4213 1955 4277 videl.
2012 4219 2249 4289 tenore,
2302 4218 2379 4275 ut
2424 4210 2819 4275 redditiones

607 4343 629 4378 ²
667 4350 698 4372 “
719 4348 818 4410 Qui
840 4349 894 4398 in
911 4358 1151 4414 presente.
1227 4351 1576 4404 Abbreviatio
1613 4366 1701 4404 us.
1737 4352 1881 4405 Cott.
1914 4349 2077 4417 Calig.
2109 4348 2173 4401 A.
2201 4348 2312 4399 viii.
2389 4347 2691 4400 Hoveden’s
2725 4348 2821 4401 list

536 4428 668 4480 ends
692 4429 825 4480 with
851 4431 1181 4485 Severinus.'’

603 4508 627 4542 ²
665 4512 873 4562 “Modo
906 4513 1198 4566 Nic-helam.
1290 4518 1638 4569 Abbreviatio
1674 4532 1761 4569 us.
1809 4518 1951 4567 Cott.
1994 4514 2158 4582 Calig.
2199 4515 2265 4567 A.
2311 4514 2421 4567 viii.
2514 4514 2817 4567 Hovedcn’s

531 4592 630 4645 list
655 4593 786 4644 ends
810 4595 945 4646 with
969 4597 1275 4651 Benedict.'’
