3254 5140
490 588 613 647 638
861 596 1405 651 GARTULARIUM
1442 594 1850 648 ABBATHIAE
1885 593 1984 646 DE
2017 593 2391 647 WHITEBY.

489 764 718 827 Mon'ii
747 762 1056 847 praedicti,
1085 760 1427 826 attendens
1457 759 1863 824 debilitatem
1895 758 1999 823 sui
2028 759 2311 843 corporis
2341 764 2407 824 et
2428 759 2766 824 adversam

486 863 945 941 valetudinem,
973 869 1110 926 tam
1154 881 1236 925 ex
1279 866 1466 945 gutta
1496 880 1692 943 quam
1723 880 1803 923 ex
1834 859 2024 923 senili
2068 864 2261 923 aetate
2304 879 2424 923 sua
2466 859 2769 942 proveni-

489 970 688 1039 entes,
717 968 784 1028 et
812 962 1188 1027 affectantes
1218 960 1576 1024 utilitatem
1607 958 1838 1022 Mon'ii
1870 958 2182 1042 praedicti,
2212 959 2436 1023 cedere
2479 958 2770 1023 intendit

487 1062 791 1147 dignitati
821 1067 890 1126 et
918 1061 1125 1125 officio
1157 1058 1432 1123 Abbatis
1461 1057 1692 1122 Mon’ii
1736 1057 2051 1140 praedicti,
2080 1057 2438 1123 secundum
2482 1063 2765 1122 vestram

487 1162 956 1226 ordinationem
1029 1166 1447 1242 vestrumque
1519 1155 2001 1240 beneplacitum
2060 1162 2128 1221 et
2184 1176 2541 1234 assensum,
2598 1156 2768 1220 D’ne

486 1259 826 1343 Archie'pe
855 1257 1240 1342 supradicte,
1269 1256 1519 1320 dictum
1551 1255 1962 1320 conventum
1993 1261 2061 1318 et
2090 1255 2561 1319 Monasterium
2604 1277 2767 1340 prae-

486 1360 755 1436 dictum,
784 1359 952 1422 bona
981 1356 1347 1431 eorundem,
1378 1361 1515 1419 tam
1544 1354 1810 1418 mobilia
1832 1374 2029 1437 quam
2058 1354 2434 1432 immobilia,
2464 1361 2530 1420 et
2559 1357 2769 1419 nomi-

490 1459 695 1522 natim
739 1456 1100 1520 manerium
1146 1455 1226 1519 de
1269 1453 1609 1530 Eskedale,
1655 1454 1924 1530 fructuS,
1969 1453 2263 1518 redditus
2302 1460 2369 1518 et
2410 1462 2765 1539 proventus

488 1557 570 1621 ad
600 1555 916 1619 Mon'ium
949 1561 1016 1618 et
1041 1553 1400 1617 manerium
1427 1552 1736 1636 praedicta
1764 1551 2322 1636 qualitercumque
2352 1554 2767 1637 pertinentae,

488 1653 895 1731 ordinationi,
917 1652 1132 1729 laud0,
1152 1652 1409 1716 decreto
1426 1656 1493 1715 et
1522 1651 1699 1716 dicto
1723 1651 1972 1727 vestris,
1989 1652 2157 1716 D'ne
2174 1651 2513 1736 Archie’pe
2542 1673 2767 1737 supra-

485 1753 673 1830 dicte,
705 1752 787 1816 ob
827 1771 1086 1816 causam
1132 1758 1198 1815 et
1228 1749 1529 1814 effectum
1573 1750 1959 1833 provisionis
2004 1750 2335 1828 faciendae,
2364 1756 2556 1834 prout
2583 1752 2769 1816 fratri

487 1853 747 1916 Thomae
798 1851 879 1916 de
931 1850 1186 1914 Malton
1235 1857 1303 1914 et
1355 1848 1726 1914 Conventui
1773 1848 2179 1932 supradictis,
2238 1855 2433 1933 prout
2489 1851 2766 1916 utilitati

488 1951 651 2016 dicti
695 1951 943 2028 Mon'ii,
995 1950 1372 2015 Conventus
1424 1953 1492 2012 et
1533 1948 1742 2031 ipsius
1790 1947 2053 2012 Thomas
2103 1947 2399 2014 videritis
2446 1950 2766 2033 expedire,

486 2051 920 2136 procuratorio
966 2050 1226 2114 nomine
1270 2048 1740 2125 submittimus,
1781 2048 2233 2132 promittentes
2273 2068 2391 2113 nos
2440 2049 2655 2133 palam
2700 2058 2770 2114 et

488 2171 788 2235 expresse
834 2149 1324 2225 ordinationem,
1373 2146 1662 2223 laudum,
1721 2146 2052 2212 decretum
2110 2151 2177 2210 et
2235 2147 2484 2212 dictum
2534 2153 2769 2226 vestra,

488 2251 658 2316 D’ne
687 2250 1023 2334 Archiep'e
1052 2248 1378 2331 praedicte,
1407 2247 1594 2324 velle,
1623 2247 1991 2330 approbare,
2021 2246 2397 2331 emologare‚
2425 2252 2492 2313 et
2520 2249 2765 2314 eisdem

488 2350 867 2425 consentire,
896 2369 970 2412 ac
1015 2355 1228 2411 ratum
1274 2351 1340 2410 et
1381 2351 1638 2430 gratum
1678 2353 1745 2410 et
1786 2345 2040 2409 firmum
2088 2344 2340 2424 habere,
2369 2347 2671 2430 perficere
2700 2353 2767 2412 et

486 2448 859 2531 adimplere,
888 2445 1325 2530 procuratorio
1354 2445 1637 2522 nomine,
1660 2444 1974 2529 quicquid
2004 2465 2136 2523 vos,
2165 2452 2351 2529 pater
2393 2447 2765 2512 Reverende

489 2547 812 2632 praedicte,
843 2547 913 2608 in
957 2544 1284 2628 praedictis
1327 2542 1645 2608 duxeritis
1691 2544 2144 2621 ordinandum,
2193 2543 2608 2624 laudandum,
2652 2566 2769 2611 seu

489 2644 973 2730 quomodolibet
1016 2641 1509 2708 decernendum.
1601 2644 1683 2705 In
1728 2663 1780 2707 c.
1814 2663 1861 2705 r.
1894 2648 2038 2708 test.
2069 2642 2183 2727 sig.
2229 2650 2450 2709 nostra
2492 2665 2769 2729 praesen-

489 2747 666 2809 tibus
697 2742 1129 2827 apposuimus.
1218 2742 1469 2805 Datum
1500 2742 1672 2825 apud
1703 2741 1917 2826 Thorp
1940 2763 2137 2825 prope
2168 2743 2377 2819 Ebor„
2399 2743 2504 2808 die
2534 2745 2770 2809 Martis

490 2865 669 2927 prore.
693 2850 841 2926 post
858 2842 1097 2906 festum
1120 2841 1587 2905 Translationis
1619 2841 1690 2905 B.
1715 2839 1976 2906 Thomas
1997 2841 2330 2926 Martyris,
2358 2843 2520 2908 A.D.
2553 2852 2773 2908 M⁰ccc⁰

491 2942 796 3007 vicesimo
828 2939 1125 3004 secundo.

577 3043 733 3117 Nos,
784 3039 1177 3118 Willelmus,
1228 3038 1612 3123 Archiep’us
1658 3039 2047 3118 antedictus,
2103 3041 2444 3123 praedictas
2489 3041 2766 3106 submis-

493 3142 704 3205 siones
763 3139 835 3202 in
894 3159 1010 3203 nos
1071 3138 1495 3202 admittentes
1554 3144 1620 3202 et
1678 3142 2106 3221 acceptantes,
2165 3144 2232 3203 et
2288 3140 2461 3204 inter
2519 3146 2768 3217 caetera,

493 3239 902 3304 attendentes
933 3239 1273 3322 praefatum
1319 3237 1583 3301 fratrem
1626 3237 1940 3301 Thomam
1984 3237 2054 3301 in
2098 3238 2305 3304 officio
2333 3239 2609 3305 Abbatis
2654 3240 2769 3304 diu

493 3340 838 3423 diligenter
888 3345 956 3402 et
1006 3336 1285 3401 fideliter
1330 3336 1412 3400 ad
1456 3336 1764 3401 honorem
1808 3344 1875 3401 et
1917 3337 2271 3402 utilitatem
2313 3339 2473 3404 dicti
2523 3340 2770 3417 Mon'ii,

490 3446 627 3504 tam
650 3440 719 3502 in
738 3437 1183 3522 spiritualibus
1205 3456 1404 3520 quam
1420 3436 1492 3499 iu
1514 3436 1994 3520 temporalibus,
2010 3436 2347 3516 laborasse,
2371 3440 2771 3504 considerata

492 3539 689 3602 etiam
731 3556 1022 3619 personae
1067 3534 1357 3618 ejusdem
1401 3534 1663 3599 Thomas
1706 3535 2038 3619 qualitate,
2084 3541 2151 3600 et
2201 3536 2584 3620 impotentia
2633 3558 2769 3603 cor-

491 3637 714 3721 porali,
744 3642 878 3698 tam
923 3639 1187 3717 propter
1229 3634 1434 3717 ipsius
1479 3639 1736 3698 aetatem
1780 3634 2050 3699 senilem
2079 3655 2276 3718 quam
2320 3643 2582 3721 propter
2608 3637 2769 3702 alias

492 3733 770 3818 corporis
801 3733 903 3797 sui
935 3732 1305 3797 debilitates
1352 3738 1419 3796 et
1448 3732 1859 3798 valetudines
1904 3734 2222 3813 adversas,
2250 3735 2572 3819 praecipue
2601 3738 2770 3801 circa

492 3835 741 3899 labores
790 3832 1182 3897 extrinsecos
1242 3832 1312 3895 in
1371 3831 1764 3915 agendorum
1823 3853 2087 3897 suorum
2145 3833 2516 3913 directione,
2574 3843 2770 3920 prout

493 3934 740 3998 dictum
772 3952 964 3997 suum
995 3930 1277 3995 officium
1309 3930 1763 4015 multipliciter
1806 3932 2013 4016 exigit
2041 3938 2108 3996 et
2137 3933 2426 4017 requirit,
2455 3941 2522 3999 et
2550 3936 2769 4001 affect-

493 4040 678 4098 antes
736 4031 1093 4096 utilitatem
1151 4030 1311 4095 dicti
1369 4029 1771 4108 Monasterii,
1830 4037 1898 4095 et
1954 4031 2264 4111 volentes,
2323 4038 2642 4117 quantum
2701 4036 2771 4099 in

492 4132 679 4197 nobis
709 4136 824 4207 est,
867 4130 953 4193 in·
986 4130 1334 4213 praemissis
1363 4149 1712 4213 congruam
1756 4129 2060 4195 adhibere
2104 4131 2441 4211 medelam,
2470 4133 2769 4198 ordinan-

494 4232 653 4295 dum
697 4230 1002 4294 duximus
1049 4230 1120 4293 in
1163 4228 1339 4294 hunc
1387 4228 1674 4306 modum,
1719 4236 1786 4295 et
1837 4231 2036 4295 etiam
2081 4236 2303 4295 tenore
2354 4233 2769 4315 praesentium

491 4331 883 4406 ordinamuS‚
942 4328 1116 4413 quod
1173 4326 1351 4392 idem
1423 4329 1619 4393 frater
1677 4328 1954 4394 Thomas
2029 4331 2217 4395 cedat
2288 4351 2465 4414 pure,
2522 4341 2775 4415 sponte,

492 4428 878 4512 simpliciter
923 4432 989 4492 et
1039 4427 1334 4493 absolute
1393 4428 1700 4513 dignitati
1752 4436 1820 4494 et
1877 4429 2088 4495 officio
2136 4430 2413 4496 Abbatis
2460 4452 2659 4515 quam
2708 4438 2776 4497 et

494 4528 671 4615 quod
701 4526 952 4591 obtinet
981 4527 1051 4589 in
1081 4526 1481 4592 Monasterio
1527 4530 1874 4606 antedictO,
1903 4550 1977 4594 ac
2021 4530 2197 4596 omni
2237 4530 2373 4614 juri
2415 4536 2482 4596 et
2524 4551 2777 4617 posses-
