3254 5140
774 617 1320 672 CARTULARIUM
1357 619 1767 672 ABBATHIAE
1804 620 1901 673 DE
1937 619 2314 673 WHITEBY.
2553 606 2675 665 633

396 783 563 847 illud
622 783 1052 868 infringentes
1094 805 1211 868 per
1252 785 1671 869 praesidentes
1722 786 1793 849 in
1847 785 2151 869 Capitulo
2209 785 2427 850 debite
2485 782 2677 846 corri-

397 888 649 966 gantur.
739 884 912 948 Item
962 885 1118 968 quia
1175 884 1441 949 domum
1490 890 1773 950 vestram
1826 906 1949 950 aere
2003 884 2214 949 alieno
2256 883 2536 969 graviter
2576 881 2677 944 in-

399 982 701 1047 venimus
774 988 1124 1060 oneratam,
1192 983 1583 1061 ordinemne,
1648 983 1952 1048 volumus
2025 989 2094 1048 et
2166 982 2513 1047 statuimus
2586 999 2679 1054 ac,

399 1080 799 1163 praecedente
843 1102 1054 1146 causae
1098 1082 1466 1166 cognitione
1494 1102 1642 1166 quae
1685 1083 1756 1146 in
1799 1082 1921 1147 hoc
1966 1082 2272 1146 canonice
2314 1079 2680 1163 requiritur,

396 1179 818 1258 decernimus,
849 1181 1026 1265 quod
1075 1202 1210 1259 vos,
1253 1182 1475 1246 Abbas
1519 1188 1589 1247 et
1634 1182 2031 1259 Conventus,
2063 1182 2143 1246 de
2187 1185 2415 1245 caetero
2459 1178 2679 1240 vivere

397 1280 734 1359 studeatis,
763 1286 829 1344 et
857 1281 1117 1358 vivatis,
1146 1286 1282 1346 tam
1313 1282 1385 1346 in
1415 1281 1763 1346 esculentis
1807 1291 1874 1346 et
1915 1281 2279 1366 poculentis
2308 1278 2561 1352 vestris,
2604 1295 2679 1338 ac

397 1381 993 1463 supervenientium
1022 1401 1172 1445 cum
1201 1381 1531 1446 moderata
1574 1381 1840 1459 familia,
1873 1402 2068 1465 quam
2099 1381 2170 1444 in
2201 1379 2348 1444 aliis
2378 1375 2679 1461 expensis

398 1480 750 1557 forinseciS,
781 1501 926 1545 cum
959 1500 1066 1545 eas
1095 1481 1234 1545 fieri
1269 1487 1577 1564 oporteat,
1607 1481 1994 1545 mediocrius
2024 1501 2221 1564 quam
2265 1480 2472 1543 facere
2500 1475 2679 1540 vole-

401 1579 606 1659 batis;
651 1580 952 1668 quodque
981 1580 1281 1657 decimas,
1311 1582 1559 1646 fructus
1604 1588 1673 1645 et
1715 1586 2070 1664 proventus
2117 1579 2404 1645 ecclesiae
2445 1580 2676 1640 vestrae

399 1678 480 1742 de
523 1678 722 1756 Aton,
750 1699 867 1763 pro
912 1678 1231 1743 solutione
1261 1679 1405 1743 aeris
1450 1680 1649 1744 alieni
1678 1680 1759 1744 de
1787 1686 2004 1744 vestro
2034 1698 2352 1744 consensu
2380 1672 2678 1739 unanimi

402 1798 616 1842 coram
645 1778 833 1842 nobis
877 1778 1255 1862 assignatos,
1285 1779 1688 1863 integraliter
1718 1779 2037 1863 colligatis
2067 1786 2135 1843 et
2164 1776 2450 1853 servetis,
2479 1781 2556 1838 ut
2585 1773 2676 1837 sic

402 1876 876 1959 particulariter
892 1884 1106 1942 vestra
1129 1877 1375 1942 Domus
1393 1898 1562 1941 anno
1581 1878 1874 1961 quolibet
1892 1878 1969 1942 de
1989 1877 2208 1961 aliquo
2226 1876 2445 1941 debito
2464 1871 2678 1936 valeat

404 1974 693 2041 relevari.
782 1976 954 2041 Item
984 1976 1206 2040 nullus
1236 1976 1590 2041 monachus
1620 1981 1866 2040 secreta
1896 1975 2183 2060 Capituli
2212 1971 2533 2038 extraneis
2563 1972 2677 2033 aut

404 2074 815 2140 saecularibus
837 2075 1127 2159 personis
1146 2075 1639 2159 quibuscunque
1662 2079 2011 2158 praesumat
2028 2073 2110 2137 de
2132 2079 2361 2137 caetero
2379 2068 2677 2142 revelare,

400 2173 558 2256 quia
617 2194 839 2239 omnes
897 2174 1281 2240 revelatores
1325 2181 1716 2239 secretorum
1762 2173 2048 2257 Capituli
2111 2171 2373 2255 majoris
2424 2187 2675 2233 excom-

406 2274 866 2338 municationis
895 2274 1218 2338 sententia
1246 2280 1404 2339 sunt
1432 2274 1635 2358 ligati.
1727 2274 1898 2338 Item
1942 2273 2274 2338 saeculares
2305 2267 2594 2336 extranei
2639 2286 2677 2329 a

406 2373 702 2438 discursu
729 2374 1051 2458 frequenti
1081 2379 1147 2438 et
1176 2373 1542 2438 inordinato
1585 2374 1656 2437 in
1702 2373 2000 2450 claustrO,
2027 2371 2396 2447 infirmariO,
2434 2375 2501 2434 et
2530 2366 2674 2430 aliis

407 2471 564 2536 locis
608 2472 1074 2548 secretioribus,
1103 2480 1424 2557 quantum
1453 2472 1787 2537 commode
1818 2478 1883 2536 et
1926 2471 2195 2536 honeste
2238 2469 2376 2534 fieri
2420 2465 2677 2552 poterit,

408 2579 757 2638 arceantur.
848 2573 1017 2638 Item
1069 2573 1141 2637 in
1198 2572 1536 2639 refectorio
1589 2594 1722 2638 non
1773 2574 1901 2638 nisi
1953 2580 2223 2637 maturae
2273 2577 2339 2636 et
2389 2568 2675 2634 honestae

407 2691 691 2753 personae
764 2678 1084 2736 extraneae
1172 2671 1499 2737 comedere
1586 2673 2063 2757 permittantur.
2178 2672 2347 2735 Item
2435 2665 2676 2732 infirmi

408 2770 705 2835 monachi
734 2770 1086 2835 secundum
1117 2772 1463 2855 qualitates
1508 2773 1964 2857 aegritudinum
1996 2779 2061 2837 et
2092 2771 2490 2837 conditiones
2533 2786 2677 2851 per-

408 2890 708 2934 sonarum
753 2870 970 2935 debite
1013 2878 1457 2954 procurentur,
1508 2878 1704 2955 prout
1753 2872 1958 2955 ipsius
2010 2873 2262 2936 Domus
2321 2872 2678 2953 suppetunt

411 2968 764 3034 facultates.
855 2968 1026 3032 Item
1086 2989 1310 3033 omnes
1367 2978 1436 3035 et
1488 2970 1729 3054 singuli
1780 2971 2079 3035 monachi
2137 2972 2205 3033 in
2260 2969 2487 3033 habitu
2545 2966 2679 3030 sint

408 3068 671 3131 omnino
693 3068 886 3150 juxta
915 3068 1252 3151 antiquam
1283 3068 1612 3152 religionis
1659 3068 2128 3133 observantiam
2162 3068 2532 3140 uniformes,
2561 3082 2679 3126 nec

407 3165 477 3228 in
521 3165 747 3230 habitu
791 3167 1082 3231 interiori
1111 3166 1216 3230 vel
1261 3167 1561 3231 exteriori
1604 3186 1720 3250 per
1749 3187 2196 3251 quemcunque
2240 3166 2401 3229 fiant
2444 3163 2677 3245 aliquae

409 3266 746 3342 novitates,
776 3270 843 3330 et
870 3265 952 3330 de
983 3273 1210 3330 caetero
1240 3287 1372 3330 non
1399 3267 1716 3349 recipiant
1744 3266 2085 3349 pecuniam
2114 3286 2232 3349 pro
2260 3261 2679 3335 indumentis,

410 3363 524 3427 sed
551 3365 905 3429 necessaria
933 3363 1320 3429 indumenta
1363 3364 1443 3429 de
1485 3385 1618 3428 uno
1664 3364 1978 3448 recipiant
2005 3364 2332 3439 vestiariO,
2358 3359 2678 3426 restitutis

409 3463 730 3528 veteribus
803 3484 952 3528 cum
1024 3484 1195 3528 nova
1265 3464 1641 3547 receperint,
1715 3464 2104 3548 pauperibus
2179 3460 2529 3546 erogandis,
2595 3479 2678 3522 ne

409 3562 739 3626 occasione
780 3562 1164 3646 receptionis
1222 3563 1514 3646 pecuniae
1571 3569 1927 3627 numeratae
1984 3564 2219 3627 vitium
2270 3558 2678 3645 proprietatis

412 3666 727 3737 causetur,
791 3666 906 3724 aut
978 3661 1351 3744 aliqualiter
1415 3668 1772 3726 excusetur.
1900 3662 2069 3726 Item
2144 3661 2492 3726 elemosina
2564 3679 2680 3744 per

412 3759 952 3824 Elemosinarium
981 3766 1049 3825 et
1077 3761 1428 3827 servientes
1459 3781 1608 3827 suos
1641 3762 1918 3827 fideliter
1945 3762 2300 3847 colligatur,
2329 3766 2397 3826 et
2437 3761 2678 3824 divinae

408 3859 671 3942 pietatis
714 3859 963 3923 intuitu
1007 3859 1328 3925 duntaxat
1369 3862 1759 3945 pauperibus
1803 3867 2143 3946 errogetur,
2187 3880 2307 3924 nec
2359 3859 2679 3943 operariis,

407 3958 515 4022 vel
543 3958 813 4035 nuntiis,
843 3964 957 4023 aut
987 3959 1133 4024 aliis
1164 3960 1660 4044 quibuscunque
1705 3961 1912 4037 detur,
1953 3961 2083 4025 nisi
2126 3965 2383 4023 tantum
2428 3959 2678 4022 intuitu

405 4058 683 4142 pietatis.
776 4057 944 4123 Item
1004 4060 1245 4137 Abbas‚
1304 4061 1503 4138 Prior,
1564 4062 1891 4145 Supprior,
1950 4067 2017 4125 et
2072 4060 2303 4124 tertius
2369 4059 2551 4123 Prior
2605 4059 2676 4121 in

405 4156 902 4221 correctionibus
933 4177 1314 4224 excessuum
1356 4160 1641 4225 medium
1672 4160 2075 4225 discretionis
2120 4179 2372 4243 semper
2412 4164 2682 4224 teneant

407 4256 578 4320 inter
633 4256 1095 4341 negligentiam
1153 4264 1220 4323 et
1276 4258 1606 4336 fervorem,
1667 4280 1786 4325 nec
1859 4260 1991 4324 sint
2050 4263 2412 4342 acceptores
2470 4259 2680 4323 invidi

406 4374 836 4439 personarum.
929 4356 1099 4421 Item
1122 4358 1359 4435 Abbas‚
1384 4358 1582 4436 Prior,
1606 4360 1916 4443 Supprior
1943 4357 2289 4424 monachos
2306 4358 2680 4424 claustrales

407 4453 490 4518 ad
564 4454 936 4519 exeundum
1008 4476 1124 4540 per
1197 4458 1472 4540 patriam
1546 4478 1679 4522 non
1739 4459 1819 4523 de
1892 4458 2070 4522 facili
2134 4458 2488 4536 licentient,
2550 4459 2678 4523 nisi

404 4560 744 4636 urgentem
784 4555 1252 4631 necessitatem,
1279 4555 1385 4619 vel
1430 4556 1800 4621 evidentem
1843 4557 2197 4623 utilitatem
2226 4558 2514 4623 viderint
2554 4559 2677 4623 im-

407 4652 665 4715 minere.
768 4652 938 4715 Item
1011 4653 1246 4729 Abbas‚
1321 4654 1520 4729 Prior,
1586 4655 1694 4719 vel
1755 4655 2064 4740 Supprior
2135 4678 2267 4721 non
2340 4656 2682 4722 licentient
