3254 5140
600 570 724 629 646
969 577 1512 633 CARTULARIUM
1549 575 1955 627 ABBATHIAE
1987 575 2088 627 DE
2116 573 2493 627 meEBY.

598 743 869 828 Angliae,
927 740 1378 807 Illustrissimo
1435 740 1605 805 D’no
1671 739 2007 805 Hiberniae
2079 745 2218 816 etc„
2275 738 2451 803 Duci
2508 735 2887 821 Aquitaniae

599 843 965 908 Willelmus
1023 848 1141 907 etc.
1202 841 1478 906 salutem
1535 841 1608 905 in
1667 840 1764 904 Eo
1823 839 1932 904 cui
1989 839 2231 904 servire
2295 838 2710 922 prohompter
2782 840 2887 900 est

597 963 880 1027 regnare.
998 942 1169 1019 Quia
1211 948 1484 1005 vacante
1543 960 1753 1024 nuper
1810 940 2057 1004 Mon’io
2130 939 2212 1004 de
2269 938 2586 1021 Whiteby
2644 942 2884 1001 nostrae

596 1043 941 1107 dioeceseos
997 1062 1115 1125 per
1169 1040 1523 1105 cessionem
1582 1040 1799 1104 fratris
1857 1038 2121 1103 Thomas
2178 1037 2259 1103 de
2327 1037 2603 1113 Malton,
2659 1033 2882 1099 ultimi

599 1142 875 1206 Abbatis
904 1140 1211 1225 ejusdem,
1240 1139 1447 1223 petita
1480 1158 1521 1202 a
1547 1139 1734 1204 vobis
1765 1145 1832 1203 et
1859 1139 2126 1202 obtenta
2167 1138 2435 1202 licentia
2476 1135 2777 1220 eligendi,
2807 1153 2882 1197 ac

596 1240 1011 1326 postmodum
1055 1239 1354 1304 electioni
1398 1238 1586 1303 factae
1627 1238 1711 1301 de
1754 1237 1949 1302 fiatre
1993 1237 2237 1301 Thoma
2278 1237 2360 1302 de
2405 1232 2882 1318 Haukesgarth‚

598 1340 914 1404 monacho
943 1339 1100 1403 dicti
1131 1337 1365 1402 Mon’ii
1408 1343 1475 1401 et
1519 1337 1822 1421 professo,
1852 1336 1924 1400 in
1967 1337 2290 1402 Abbatem
2334 1335 2623 1420 ejusdem
2667 1338 2885 1398 vestro

599 1440 772 1522 regio
822 1459 1089 1503 assensu
1139 1436 1431 1501 adhibito
1482 1444 1550 1501 et
1601 1436 1838 1514 favore,
1898 1437 2070 1501 sicut
2128 1457 2243 1520 per
2291 1440 2539 1500 vestras
2582 1437 2881 1518 patentes

598 1537 847 1601 litteras
877 1538 1031 1602 inde
1060 1536 1245 1601 nobis
1275 1535 1554 1600 directas
1582 1535 2043 1619 propendimus
2073 1536 2422 1611 evidenter,
2452 1553 2881 1618 processuque

600 1637 819 1701 debito
841 1644 907 1701 et
928 1636 1095 1720 juris
1117 1635 1340 1700 ordine
1355 1636 1548 1718 juxta
1566 1636 1951 1718 qualitatem
1979 1635 2184 1718 ipsius
2213 1634 2457 1718 negotii
2484 1641 2553 1698 et
2581 1638 2882 1697 naturam

602 1736 976 1813 observatiS,
1021 1735 1399 1800 electionem
1435 1735 1517 1799 de
1559 1735 1736 1800 dicto
1781 1735 1977 1800 &atre
2007 1734 2252 1799 Thoma
2293 1734 2600 1799 canonice
2644 1732 2884 1796 factam

600 1835 907 1899 duximus
926 1834 1447 1911 confirmandam,
1468 1833 1740 1898 liberam
1768 1834 2408 1911 administrationem,
2439 1837 2632 1916 prout
2652 1831 2737 1895 ad
2768 1850 2884 1894 nos

604 1934 904 2019 pertinet,
934 1935 1005 1999 in
1048 1934 1496 2018 spiritualibus
1541 1933 1701 1997 dicti
1733 1934 2116 1998 Monasterii
2145 1933 2622 1997 committentes
2652 1930 2885 2007 eidem,

605 2041 836 2099 vestrae
864 2035 1115 2119 placeat
1138 2033 1506 2118 Magestati,
1528 2032 1703 2116 quod
1726 2039 2017 2097 vestrum
2036 2033 2108 2095 in
2138 2032 2259 2096 hac
2282 2040 2463 2115 parte
2485 2031 2683 2095 fuerit
2711 2038 2887 2094 certa

603 2135 820 2217 ipsum
850 2134 1087 2218 exequi
1114 2154 1263 2199 cum
1293 2133 1498 2218 gratia
1527 2139 1593 2196 et
1622 2132 1855 2196 favore.
1945 2131 2298 2197 Oonservet
2327 2152 2442 2196 vos
2482 2129 2790 2195 Ecclesiae
2818 2134 2888 2193 et

605 2231 846 2316 populo
887 2253 1005 2297 suo
1035 2233 1216 2296 Deus
1260 2252 1375 2314 per
1417 2238 1707 2314 tempora
1751 2229 2072 2295 diuturna.
2163 2231 2409 2294 Datum
2454 2230 2628 2313 apud
2672 2228 2888 2311 Thorp

605 2351 803 2414 prope
882 2332 1071 2397 Ebor.
1138 2332 1189 2395 ii
1262 2330 1537 2395 Kalend.
1605 2330 1889 2414 Augusti
1955 2330 2036 2395 A.
2106 2331 2213 2395 Gr.
2283 2337 2503 2394 1100000
2577 2327 2887 2392 vicesimo

608 2429 909 2496 secundo.

732 2643 968 2706 Pmom
996 2658 1077 2706 m
1108 2642 1497 2708 ConszTm
1528 2660 1615 2709 m·
1645 2660 1775 2710 s1131
1806 2660 2106 2709 namur
2134 2660 2458 2718 'ramum
2486 2643 2761 2708 Assur

692 2803 1065 2869 Willelmus
1108 2809 1228 2870 etc.
1258 2802 1515 2869 dilectis
1560 2805 1733 2883 filiis,
1765 2806 1971 2870 Priori
2000 2812 2066 2871 et
2096 2806 2462 2871 Conventui
2504 2805 2893 2869 Monasterii

607 2906 688 2970 de
717 2903 1049 2987 whiteby,
1078 2910 1314 2968 nostrae
1344 2903 1683 2983 dioceseos,
1712 2905 1844 2983 sal,
1871 2927 1962 2990 gr.
1992 2911 2060 2970 et
2100 2906 2628 2972 benedictionem.
2718 2903 2891 2967 Prae·

607 3009 863 3069 sentata
910 3003 1097 3068 nobis
1156 3024 1273 3088 per
1332 3010 1805 3088 procuratorem
1854 3009 2141 3070 vestrum
2194 3005 2506 3071 electione
2547 3010 2765 3069 vestra
2806 3001 2894 3067 de

608 3104 844 3169 dilecto
917 3103 1054 3168 filio
1130 3103 1325 3168 fratre
1404 3103 1651 3168 Thoma
1724 3103 1806 3168 de
1880 3105 2358 3189 Haukesgarth,
2431 3101 2892 3169 commonacho

607 3210 840 3279 vestro,
879 3201 949 3265 in
988 3205 1279 3266 vestrum
1316 3201 1641 3268 Abbatem
1687 3203 2091 3269 concorditer
2123 3204 2459 3281 celebrata,
2498 3208 2636 3267 tam
2677 3203 2891 3285 ipsam

610 3301 989 3367 electionem
1048 3321 1244 3385 quam
1307 3322 1647 3386 personam
1707 3301 1898 3367 electi
1956 3302 2469 3367 examinavimus
2528 3301 2893 3386 diligenter,

610 3421 1037 3485 processuque
1066 3400 1286 3466 debito
1316 3405 1385 3465 et
1405 3401 1573 3485 juris
1608 3401 1834 3466 ordine
1869 3402 2066 3485 juxta
2093 3403 2479 3486 qualitatem
2522 3402 2778 3486 negotio
2823 3408 2894 3466 et

612 3505 913 3563 naturam
984 3497 1057 3562 in
1130 3499 1429 3563 omnibus
1503 3499 1876 3565 observatis.
2025 3501 2238 3578 Quare
2311 3500 2559 3565 dictum
2624 3501 2893 3565 fratrem

611 3598 924 3661 Thomam
952 3596 1323 3663 invenimus
1352 3617 1491 3663 esse
1533 3618 1874 3682 personam
1916 3598 2232 3676 idoneam,
2275 3606 2342 3664 et
2385 3599 2765 3664 electionem
2808 3599 2893 3664 de

611 3695 754 3778 ipso
812 3693 1051 3758 factam
1108 3694 1232 3759 rite
1290 3702 1359 3759 et
1416 3697 1721 3761 canonice
1772 3696 2178 3775 celebratam,
2230 3697 2440 3781 ipsam
2490 3697 2894 3775 electionem,

612 3793 1086 3858 communicato
1150 3793 1673 3877 jurisperitorum
1746 3796 2033 3873 consilio,
2092 3797 2476 3861 auctoritate
2531 3796 2895 3880 pontificali

612 3893 920 3958 duximus
938 3892 1457 3973 confirmandam,
1476 3895 1688 3959 eidem
1708 3894 1909 3960 electo
1932 3916 2152 3960 curam
2174 3901 2241 3959 et
2268 3895 2893 3961 administrationem

613 3996 682 4059 in
719 3993 1166 4078 spiritualibus
1204 4002 1271 4060 et
1316 3995 1776 4079 temporalibus
1821 3996 1980 4060 dicti
2023 3995 2255 4061 Mon'ii
2282 4001 2602 4080 quantum
2646 3996 2729 4060 ad
2773 4016 2894 4060 nos

613 4094 851 4159 attinet
907 4094 1399 4160 committentes.
1508 4094 1823 4173 Quocirca
1877 4094 2063 4160 vobis
2122 4096 2505 4160 mandamus
2564 4096 2896 4179 quatinus,

615 4193 864 4257 dictum
908 4192 1175 4257 fratrem
1203 4194 1516 4259 Thomam
1552 4193 1634 4259 de
1663 4194 2121 4278 Haukesgarth
2150 4194 2223 4258 in
2252 4200 2540 4259 vestrum
2568 4194 2894 4259 Abbatem

615 4292 1014 4357 reverentius
1058 4292 1494 4372 admittentes
1546 4293 1759 4359 eidem
1810 4314 1959 4358 cum
2009 4294 2372 4359 reverentia
2414 4302 2481 4359 et
2522 4294 2896 4359 humilitate

614 4388 850 4453 debitis
924 4390 996 4454 in
1067 4391 1368 4458 omnibus
1441 4414 1587 4478 quae
1660 4394 1916 4459 Sanctae
1989 4393 2342 4478 Religionis
2416 4393 2748 4458 honestati
2828 4401 2898 4459 et

615 4486 879 4570 Regulae
908 4496 1138 4555 vestrae
1168 4492 1564 4558 conveniunt
1592 4492 1672 4558 de
1703 4497 1930 4558 caetero
1958 4492 2254 4578 pareatis.
2321 4492 2569 4560 Valete.
2642 4493 2896 4559 Datum

613 4584 788 4670 apud
816 4586 1030 4670 Thorp
1060 4609 1258 4673 prope
1288 4590 1477 4657 Ebor.
1508 4592 1561 4656 ii
1591 4590 1868 4659 Kalend.
1897 4591 2178 4677 Augusti
2208 4599 2326 4659 etc.
