3254 5140
655 585 780 643 586
1027 595 1569 648 CARTULARIUM
1610 595 2010 648 ABBATHIAE
2049 596 2147 646 DE
2182 562 2555 646 WHITEBY.

658 758 779 820 utr’
833 807 848 821 .
901 808 916 823 .
969 809 982 823 .
1039 759 1480 844 Interrogatus
1538 781 1623 825 an
1677 760 1835 825 dicti
1880 759 2102 824 Abbas
2147 767 2214 824 et
2266 760 2469 824 Conv.
2518 761 2949 842 perceperunt

656 856 939 920 decimas
970 863 1227 923 tantum
1256 859 1336 924 de
1366 859 1776 924 terris—scil.
1810 859 1889 923 de
1920 858 2290 942 Bysewarp,
2312 859 2378 921 N
2379 858 2632 934 euham,
2662 868 2727 920 et
2758 864 2947 940 parte

656 955 834 1019 vinae
885 957 963 1020 de
1016 957 1299 1043 Witeby,
1343 978 1424 1023 ex
1483 964 1668 1043 parte
1720 958 2121 1036 occidentali,
2171 957 2792 1041 provenien(vii)te8,
2834 953 2945 1016 vel

660 1074 890 1118 novem
938 1062 1151 1138 partes
1199 1077 1351 1121 cum
1402 1057 1686 1135 decima;
1730 1056 1909 1133 dicit,
1960 1057 2133 1140 quod
2185 1057 2265 1121 de
2318 1055 2511 1119 dictis
2562 1055 2720 1119 locis
2779 1053 2949 1116 dicti

660 1153 968 1236 Religiosi
1010 1164 1432 1239 perceperunt
1481 1156 1767 1221 decimas
1818 1163 2093 1233 tantum,
2142 1162 2208 1220 et
2243 1156 2539 1220 homines
2570 1153 2949 1218 inhabitan-

659 1251 934 1335 (viii)tes
991 1253 1134 1318 loca
1190 1255 1499 1338 praedicta
1556 1262 1985 1340 perceperunt
2042 1275 2276 1319 novem
2335 1260 2587 1338 partes3
2659 1258 2727 1317 et
2798 1252 2943 1335 ipse

650 1351 906 1434 juratus
951 1353 1109 1416 dicit
1155 1374 1223 1418 se
1267 1354 1601 1439 collegisse
1646 1354 1929 1419 decimas
1970 1355 2049 1418 de
2079 1353 2270 1418 dictis
2301 1354 2458 1418 locis
2489 1351 2944 1437 provenientes

659 1450 785 1534 (ix)
816 1452 1212 1535 temporibus
1242 1453 1527 1536 quinque
1558 1453 1908 1530 Abbatum‚
1939 1454 2053 1536 qui
2084 1475 2197 1536 pro
2228 1454 2630 1537 temporibus
2660 1452 2944 1532 fuerunt,

658 1570 698 1612 a
741 1570 975 1614 novem
1017 1552 1309 1635 partibus
1352 1560 1697 1635 separatas.
1812 1555 2271 1636 Interrogatus,
2315 1554 2462 1636 quis
2521 1550 2842 1635 separavit
2903 1570 2945 1612 a

659 1669 893 1713 novem
951 1651 1260 1733 partibus,
1305 1651 1467 1715 dicit
1511 1652 1613 1736 (x)
1667 1652 1843 1735 quod
1897 1652 2188 1716 homines
2239 1651 2681 1715 inhabitantes
2732 1649 2942 1712 dictas

659 1753 859 1826 terras
918 1755 985 1813 et
1051 1769 1159 1813 eas
1219 1749 1518 1815 colentes.
1641 1750 2084 1834 Interrogatus
2158 1749 2438 1833 qualiter
2508 1757 2943 1833 perceperunt

662 1844 977 1909 decimam
1036 1855 1396 1930 separatam
1456 1869 1495 1912 a
1555 1868 1789 1913 novem
1847 1848 2137 1932 partibus
2197 1849 2322 1933 (xi)
2374 1849 2455 1913 de
2509 1848 2808 1913 Manerio
2857 1845 2944 1910 de

663 1943 983 2029 Stakesby
1014 1952 1081 2010 et
1124 1947 1313 2011 terris
1358 1947 1702 2011 dominicis
1747 1947 2034 2024 eiusdem
2081 1948 2380 2024 Manerii,
2409 1947 2570 2011 dicit
2605 1946 2780 2030 quod
2811 1966 2943 2009 non

658 2050 1083 2128 perceperunt
1125 2094 1139 2110 .
1187 2095 1201 2110 .
1249 2094 1264 2111 .
1310 2046 1460 2130 (xii)
1508 2046 1885 2130 [deciJmam
1924 2052 2284 2131 separatam
2315 2068 2354 2111 a
2383 2067 2618 2111 novem
2647 2046 2943 2130 partibus

659 2164 779 2207 nec
824 2145 1035 2208 adhuc
1079 2153 1502 2228 perceperunt
1545 2146 1700 2228 quia
1745 2167 1876 2209 non
1921 2152 2021 2210 est
2056 2146 2149 2210 ibi
2179 2147 2499 2230 separatio
2528 2166 2766 2210 novem
2796 2154 2945 2229 part

664 2293 678 2308 .
725 2294 739 2308 .
788 2292 802 2309 .
850 2245 1027 2328 (xiii)
1059 2245 1233 2328 quod
1265 2245 1422 2309 dicti
1455 2245 1766 2329 Religiosi
1797 2246 2042 2309 dictum
2075 2246 2460 2323 Manerium,
2490 2254 2557 2311 et
2584 2245 2944 2310 dominicas

662 2350 862 2407 terras
923 2343 1004 2407 ad
1065 2344 1230 2407 illud
1290 2352 1675 2428 spectantes,
1726 2345 2056 2428 possident
2115 2352 2183 2409 et
2227 2395 2241 2410 .
2288 2394 2302 2410 .
2347 2394 2362 2414 .
2409 2344 2581 2429 (xiv)
2634 2343 2945 2408 excolunt

661 2442 935 2524 propriis
979 2442 1362 2526 sumptibus,
1393 2451 1459 2507 et
1504 2444 1754 2507 fructus
1798 2465 1879 2508 ex
1909 2443 2071 2527 ipsis
2102 2444 2290 2508 terris
2319 2444 2772 2527 provenientes
2800 2464 2943 2527 per-

663 2540 916 2624 cipiunt
946 2547 1012 2606 et
1041 2548 1465 2625 perceperunt
1510 2592 1523 2608 .
1570 2592 1584 2608 .
1636 2593 1649 2607 .
1697 2542 1839 2626 (xv)
1871 2543 2193 2607 dominico
2223 2563 2357 2608 suo.

751 2640 824 2704 ΙΙ
856 2642 1166 2725 Art.—(i)
1216 2643 1426 2725 Super
1472 2641 1753 2706 secundo
1799 2642 2072 2706 articulo
2121 2642 2827 2725 interrogatus—videl,
2857 2664 2939 2706 an

663 2740 954 2823 praedicti
999 2741 1325 2824 Religiosi,
1357 2740 1619 2804 nomine
1650 2741 1753 2804 sui
1783 2741 2186 2818 Monasterii,
2216 2741 2520 2806 Ecclesiae
2551 2742 2623 2804 B.
2656 2742 2939 2825 M[ariae]

663 2890 676 2903 .
741 2890 754 2903 .
816 2888 830 2903 .
895 2839 1001 2922 (ii)
1068 2860 1107 2905 a
1168 2839 1326 2905 locis
1383 2839 1455 2903 in
1514 2840 1724 2923 primo
1783 2840 2058 2904 articulo
2118 2841 2466 2905 nominatis
2517 2851 2941 2925 perceperunt

664 2938 1064 3001 solummodo
1110 2938 1421 3002 decimam
1483 2989 1497 3003 .
1559 2988 1572 3002 .
1640 2988 1653 3004 .
1712 2939 2043 3003 fructuum
2088 2960 2127 3003 a
2177 2960 2412 3013 novem
2458 2941 2752 3023 partibus
2799 2989 2813 3004 .
2861 2991 2875 3004 .
2923 2991 2936 3004 .

661 3036 793 3121 (iii)
839 3058 1069 3101 novem
1114 3043 1325 3121 partes
1371 3043 1437 3102 et
1467 3038 1680 3102 adhuc
1724 3038 2133 3123 percipiunt:
2178 3038 2339 3102 dicit
2383 3039 2557 3122 quod
2604 3039 2715 3104 sic.
2810 3041 2937 3103 Iut.

664 3158 705 3200 a
747 3158 875 3219 quo
917 3143 1203 3222 tempore
1233 3138 1360 3221 ipsi
1393 3137 1706 3220 Religiosi
1735 3137 1975 3201 dictam
2022 3137 2338 3202 decimam
2371 3140 2464 3202 sic
2493 3144 2941 3222 separatam—

664 3234 800 3300 scil.
845 3257 1094 3301 novem.
1145 3289 1158 3303 .
1205 3287 1221 3302 .
1269 3288 1282 3302 .
1333 3238 1486 3321 (iiii)
1534 3238 1830 3321 partibus
1874 3246 2334 3321 perceperunt:
2378 3238 2539 3302 dicit
2582 3238 2756 3321 quod
2798 3259 2939 3323 per-

666 3343 978 3419 ceperunt
1008 3343 1214 3400 totum
1248 3342 1509 3420 tempus
1540 3356 1750 3412 suum,
1784 3342 1849 3400 et
1879 3342 2030 3400 ante
2062 3344 2317 3420 tempus
2347 3357 2556 3413 suum,
2586 3357 2624 3399 a
2653 3343 2940 3420 tempore

666 3435 852 3517 cujus
905 3456 1033 3499 uon
1079 3443 1260 3500 extat
1306 3434 1630 3500 memoria.
1724 3436 1853 3500 Int.
1907 3435 2185 3518 qualiter
2236 3435 2336 3518 (v)
2388 3436 2511 3499 scit
2558 3435 2732 3517 quod
2784 3436 2943 3499 dicti

668 3534 972 3617 Religiosi
1005 3534 1378 3617 hujusmodi
1409 3533 1726 3597 decimam
1754 3540 2195 3618 perceperunt,
2220 3541 2295 3597 ut
2324 3533 2607 3618 deponit,
2629 3533 2809 3611 dicit,
2833 3555 2946 3617 per

667 3631 944 3697 relatum
987 3634 1241 3697 senium
1284 3631 1467 3697 illius
1511 3633 1746 3717 patriae
1790 3654 1829 3697 a
1859 3634 2097 3716 quibus
2128 3634 2423 3697 audierat
2452 3632 2575 3715 (vi)
2608 3634 2677 3696 in
2707 3633 2947 3716 puerili

668 3738 860 3795 aetate
906 3732 1267 3811 existente3
1312 3731 1474 3796 dicit
1517 3733 1714 3796 etiam
1762 3732 1934 3816 quod
1981 3753 2058 3797 ea
2103 3754 2247 3815 quae
2276 3733 2695 3796 continentur
2722 3732 2794 3795 in
2827 3732 2945 3796 hoc

666 3830 949 3895 secundo
978 3830 1252 3895 articulo
1283 3837 1440 3894 sunt
1467 3831 1731 3914 publica
1760 3837 1826 3895 et
1856 3832 2111 3895 notoria
2141 3834 2209 3894 in
2234 3832 2527 3915 partibus
2551 3830 2632 3896 de
2654 3831 2943 3915 Wyteby

665 3981 965 4048 deposition
985 3982 1041 4034 of
1064 3981 1157 4033 the
1181 3980 1377 4032 second
1405 3979 1621 4031 witness
1651 3980 1806 4048 being
1832 3980 2004 4045 newly
2022 3980 2196 4047 begun
2218 3980 2395 4032 where
2418 3980 2511 4031 the
2539 3980 2776 4047 existing
2798 3986 2947 4047 parts

664 4067 721 4118 of
757 4067 852 4117 the
888 4066 1178 4117 document
1215 4080 1528 4117 commence.
1604 4064 1718 4115 The
1756 4065 2176 4131 “introductor-y
2200 4069 2398 4116 matter
2412 4062 2442 4087 ”
2471 4063 2644 4114 would
2668 4064 2948 4114 doubtless

666 4150 733 4201 be
768 4152 825 4202 of
860 4152 942 4203 far
964 4156 1177 4218 greater
1202 4152 1424 4203 interest
1460 4150 1595 4200 than
1625 4150 1783 4200 those
1818 4154 1969 4216 parts
1995 4150 2117 4201 that
2142 4150 2358 4211 remain,
2385 4148 2490 4199 and
2516 4147 2703 4213 might,
2735 4147 2945 4210 indeed,

665 4233 802 4283 have
838 4234 1064 4285 enabled
1100 4251 1163 4286 us
1202 4239 1260 4284 to
1294 4234 1458 4299 judge
1482 4249 1629 4282 more
1653 4232 1957 4297 accurately
1981 4233 2037 4283 of
2071 4233 2163 4283 the
2189 4237 2380 4283 nature
2406 4232 2462 4281 οἱ
2483 4231 2580 4282 the
2606 4230 2765 4280 claim
2791 4231 2945 4280 made

666 4318 742 4383 by
768 4318 911 4368 John
951 4319 1018 4368 de
1055 4318 1324 4369 Toccotes.
1402 4318 1479 4369 As
1507 4316 1552 4367 it
1578 4316 1638 4378 is,
1666 4315 1817 4366 thore
1841 4316 2073 4367 remains
2096 4316 2239 4367 little
2265 4333 2326 4366 or
2349 4315 2575 4381 nothing
2599 4320 2658 4365 to
2681 4314 2749 4364 be
2774 4315 2949 4365 added

550 4403 567 4412 ’
667 4403 727 4450 to
764 4400 909 4451 what
943 4417 1053 4451 was
1077 4401 1194 4451 said
1219 4401 1275 4449 in
1299 4400 1394 4450 the
1429 4404 1584 4450 notes
1608 4404 1667 4449 to
1693 4399 1793 4451 Nc.
1820 4401 1941 4449 444.
2016 4400 2092 4450 As
2116 4400 2267 4450 there
2294 4399 2338 4449 is
2363 4415 2422 4449 so
2450 4398 2605 4447 much
2641 4398 2698 4447 in
2722 4399 2819 4449 the
2846 4397 2945 4447 rou

668 4482 792 4532 that
811 4484 856 4533 is
875 4483 1072 4548 merely
1094 4484 1380 4549 repetition
1407 4484 1463 4534 of
1488 4483 1635 4533 what
1659 4482 1758 4533 has
1782 4483 1913 4533 been
1941 4484 2055 4534 said
2079 4482 2153 4549 by
2172 4484 2420 4548 previous
2444 4482 2757 4547 deponente,
2779 4482 2826 4532 it
2851 4482 2947 4531 has

669 4564 801 4616 been
827 4566 1063 4633 thought
1088 4566 1207 4617 best
1231 4569 1290 4617 to
1316 4565 1507 4616 curtail
1533 4565 1626 4616 the
1654 4565 1826 4615 whole
1853 4582 1981 4632 very
2008 4565 2324 4631 materially.
