3254 5140
551 587 675 646 652
916 598 1459 654 CARTULARIUM
1496 600 1905 653 ABBATHIAE
1941 598 2038 651 DE
2073 599 2452 652 WHITEBY.

551 761 815 844 Capella
839 763 910 828 B.
932 763 1160 828 Mariae
1183 764 1359 849 Virg.
1382 771 1449 830 et
1480 765 1540 830 S.
1566 765 1787 830 Elenae
1817 766 1895 830 de
1918 765 2265 848 Wykham‚
2294 763 2664 847 sumptibus
2694 761 2830 824 suis
2895 769 2902 776 '

546 861 821 944 propriis
880 868 948 927 et
1007 883 1445 929 successorum
1505 885 1787 942 suorum,
1845 865 2146 930 omnibus
2206 864 2416 929 modis
2475 869 2542 927 et
2608 860 2832 924 formis

548 959 933 1044 subscriptis
969 961 1484 1046 imperpetuum:
1528 969 1595 1026 et
1640 964 1814 1047 quod
1859 962 2180 1046 capellani
2224 962 2340 1046 qui
2384 981 2500 1044 pro
2543 967 2832 1042 tempore

546 1059 789 1123 fuerint
847 1061 1230 1126 celebraturi
1289 1063 1359 1126 in
1409 1062 1585 1127 dicta
1644 1063 1909 1147 capella,
1967 1068 2036 1128 et
2093 1083 2314 1127 eorum
2372 1061 2666 1147 quilibet,
2717 1078 2832 1143 pro

548 1158 877 1224 Priorissae
921 1168 988 1224 et
1034 1161 1231 1226 ConV.
1277 1162 1357 1226 de
1399 1162 1729 1246 Wykham
1775 1167 1842 1226 et
1884 1182 2105 1227 eorum
2151 1182 2316 1227 succ.
2348 1161 2536 1225 nobis
2566 1165 2633 1223 et
2663 1178 2829 1223 succ.

548 1258 784 1322 nostris
814 1260 1100 1324 caritatis
1131 1261 1379 1324 intuitu
1407 1267 1684 1339 tantum,
1709 1261 1872 1325 Sede
1901 1261 2084 1325 Ebor.
2110 1260 2320 1343 plena,
2343 1265 2409 1323 et
2438 1280 2514 1323 ea
2541 1262 2832 1331 vacante,

547 1359 805 1421 Decano
850 1364 918 1423 et
957 1358 1258 1442 Capitulo
1288 1359 1459 1423 Eccl.
1494 1360 1554 1424 S.
1587 1360 1764 1424 Petri
1792 1364 2278 1443 praesententur,
2308 1378 2469 1442 quos
2500 1356 2606 1420 vel
2634 1375 2831 1439 quem

547 1455 760 1519 dictus
819 1458 865 1521 J
869 1455 1154 1520 ohannes
1214 1457 1297 1521 ad
1356 1463 1559 1521 totam
1611 1458 1818 1522 vitam
1876 1477 2064 1522 suam
2122 1456 2381 1520 duxerit
2438 1450 2831 1527 nominand„

544 1553 847 1637 quodque
900 1555 988 1618 sit
1036 1555 1324 1633 idoneuS,
1369 1556 1700 1633 honestus„
1744 1563 1812 1620 et
1862 1557 1930 1619 in
1978 1555 2200 1619 ordine
2243 1552 2626 1620 sacerdotali
2677 1570 2828 1616 con-

547 1652 853 1716 stitutus:
913 1651 1023 1716 Ita
1065 1653 1241 1737 quod
1286 1674 1433 1718 cum
1486 1653 1707 1737 aliqua
1750 1651 2039 1718 cantaria
2090 1655 2159 1716 in
2212 1653 2386 1717 dicta
2431 1651 2676 1734 capella
2715 1669 2833 1733 per

547 1750 897 1815 cessionem
940 1752 1047 1817 vel
1091 1752 1422 1817 decessum
1467 1752 1788 1837 capellani
1830 1752 2122 1836 alicujus,
2151 1751 2257 1816 vel
2284 1752 2411 1816 alio
2442 1769 2831 1835 quocunque

548 1850 738 1915 modo
783 1853 1126 1930 vacaverit,
1157 1853 1352 1917 iidem
1400 1854 1717 1918 Priorissa
1746 1859 1813 1918 et
1843 1854 2041 1918 ConV.
2075 1860 2141 1917 et
2170 1853 2271 1916 sui
2302 1872 2467 1916 succ.
2499 1851 2671 1914 intra
2700 1856 2830 1913 tres

548 1949 934 2014 ebdomadas
980 1971 1019 2014 a
1065 1959 1349 2035 tempore
1393 1972 1522 2036 quo
1567 1952 1868 2016 noverint
1899 1971 2015 2015 seu
2043 1971 2232 2016 nosse
2260 1950 2590 2034 potuerint
2617 1949 2832 2031 ipsam

549 2050 903 2114 cantariam
947 2070 1191 2128 vacare,
1223 2051 1526 2116 continue
1572 2051 1759 2116 nobis
1803 2051 1908 2115 vel
1951 2071 2117 2116 succ.
2149 2050 2404 2126 nostris,
2435 2049 2598 2115 Sede
2640 2048 2829 2112 Ebor.

549 2149 742 2232 plena
786 2152 928 2234 (seu
973 2151 1231 2215 Decano
1276 2156 1344 2216 et
1390 2151 1598 2234 Capit.
1649 2151 1813 2215 Sede
1857 2150 2153 2233 vacante)
2206 2149 2287 2213 ad
2340 2169 2482 2212 eam
2523 2148 2832 2211 idoneum

550 2248 944 2314 sacerdotem
987 2255 1392 2333 praesentent.
1485 2250 1673 2327 Quod
1719 2248 1778 2313 si
1822 2249 2038 2314 forsan
2081 2249 2274 2332 praed.
2312 2247 2620 2330 Religiosi
2663 2246 2834 2309 infra

549 2353 807 2430 tempus
838 2349 1028 2431 praed.
1063 2369 1192 2412 non
1224 2349 1512 2426 fecerint,
1539 2369 1658 2413 nos
1689 2348 1794 2413 vel
1823 2368 1986 2412 succ.
2034 2347 2255 2424 nostri,
2286 2346 2448 2411 Sede
2477 2346 2687 2429 plena,
2715 2366 2832 2410 seu

550 2467 626 2509 ea
676 2455 964 2524 vacante,
1016 2449 1163 2511 Dec.
1218 2454 1284 2512 et
1332 2448 1636 2531 Capitulo
1689 2448 1872 2512 Ebor.
1924 2446 2324 2530 praed.—hoc
2368 2451 2482 2523 est,
2526 2443 2832 2509 canonice

550 2544 906 2611 residentes
959 2553 1026 2612 et
1067 2554 1436 2630 praesentes,
1480 2548 1627 2613 aliis
1682 2547 2036 2612 necessarie
2088 2547 2394 2629 exceptis,
2437 2544 2631 2629 hujus
2682 2563 2834 2608 can-

551 2644 731 2707 tariae
776 2644 855 2709 de
906 2647 1196 2729 personis
1243 2647 1494 2711 idoneis
1546 2647 1884 2711 caritative
1927 2648 2073 2730 jure
2123 2653 2341 2710 nostro
2385 2644 2832 2729 providebunt.

553 2742 639 2803 Et
682 2741 878 2806 iidem
927 2744 1228 2810 Decanus
1274 2752 1340 2810 et
1370 2746 1579 2829 Capit.
1627 2746 2080 2829 providebunt,
2110 2752 2177 2809 et
2221 2766 2363 2810 eam
2404 2743 2511 2808 vel
2545 2764 2652 2807 eas
2682 2763 2834 2807 con·

551 2839 919 2920 ferebimus,
964 2849 1031 2909 et
1072 2844 1270 2910 iidem
1309 2846 1465 2911 Dec.
1498 2852 1563 2911 et
1594 2846 1804 2930 Capit.
1838 2847 2170 2911 conferent
2211 2844 2401 2910 modo
2444 2844 2636 2928 praed.
2665 2844 2836 2907 infra

555 2947 687 3003 tres
726 2941 1112 3008 ebdomadas
1157 2964 1198 3008 a
1239 2952 1527 3029 tempore
1566 2946 1748 3029 prius
1787 2946 2088 3020 limitato,
2118 2950 2235 3009 etc.
2328 2944 2483 3027 [The
2512 2945 2834 3006 document

551 3060 688 3120 yoes
720 3061 801 3104 on
835 3049 895 3107 to
923 3046 1156 3130 specis&
1187 3052 1257 3109 at
1281 3052 1455 3129 yreat
1485 3046 1692 3127 lmyth
1720 3045 1889 3108 what
1916 3046 2163 3108 services
2188 3044 2355 3108 shall
2383 3044 2446 3107 be
2472 3043 2835 3106 solemni-<sed

558 3142 633 3201 in
663 3141 761 3204 the
790 3143 1072 3227 chana-y,
1103 3146 1239 3209 and
1264 3146 1439 3209 when
1469 3145 1603 3208 and
1632 3145 1711 3227 of
1726 3145 1918 3207 whom
1946 3144 2174 3227 special
2200 3144 2642 3206 remembranoe
2669 3143 2835 3205 shall

560 3238 624 3301 be
651 3243 1077 3320 maintained,
1107 3252 1261 3308 most
1290 3246 1368 3327 of
1383 3244 1589 3308 which
1618 3243 1849 3307 details
1877 3264 1986 3306 are
2014 3244 2093 3326 of
2105 3244 2399 3323 sufficient
2428 3245 2694 3317 interest,
2718 3242 2840 3316 but,

549 3339 843 3423 perhaps,
885 3342 1121 3425 hardly
1162 3343 1310 3405 such
1355 3363 1427 3405 as
1470 3349 1529 3406 to
1557 3342 1801 3425 justify
1844 3341 2148 3405 insertion
2191 3349 2259 3403 at
2306 3341 2510 3422 lenqth
2554 3342 2628 3403 in
2680 3340 2838 3403 these

550 3437 785 3520 Paqoe]

1240 3552 1550 3617 DCIII.B.
1582 3551 1883 3634 (Melton‚
1913 3550 1952 3613 f.
1991 3552 2156 3632 294.)

650 3670 968 3737 Noverint
1011 3674 1296 3738 universi
1339 3675 1512 3758 quod
1555 3694 1692 3751 nos,
1736 3673 1958 3738 Abbas
2002 3679 2070 3739 et
2114 3674 2312 3738 Conv,
2360 3674 2443 3737 de
2487 3672 2839 3754 Whiteby,¹

560 3770 970 3835 concedimus
1000 3778 1067 3837 et
1096 3773 1454 3858 obligamus
1485 3794 1601 3838 nos
1633 3795 1715 3838 ex
1746 3793 1922 3837 mera
1950 3779 2017 3837 et
2038 3779 2393 3857 spontanea
2414 3772 2747 3836 voluntate
2771 3778 2839 3835 et

632 3893 652 3929 ¹
689 3894 786 3947 See
811 3895 908 3948 No-
941 3899 1061 3962 551,
1088 3914 1139 3964 p.
1166 3900 1289 3962 485,
1314 3915 1453 3965 copy
1478 3898 1534 3950 of
1571 3898 1745 3949 which
1772 3898 1818 3949 is
1840 3896 2008 3948 found
2032 3897 2088 3949 in
2112 3898 2207 3948 the
2231 3898 2477 3965 Register
2500 3897 2635 3948 from
2658 3897 2835 3948 which

558 3979 653 4029 the
679 3979 846 4030 above
869 3985 1104 4033 extracta
1129 3997 1217 4032 are
1240 3982 1405 4033 taken
1431 3998 1498 4032 on
1522 3981 1617 4032 the
1642 3997 1801 4048 pages
1824 3979 2195 4047 immediately
2218 3980 2516 4047 preceding.
2540 3979 2647 4030 and
2671 3979 2837 4030 dated

562 4061 659 4115 7th
695 4063 988 4114 December
1026 4065 1119 4128 (vii
1158 4064 1288 4117 Idus
1323 4064 1672 4126 Decembris).
1747 4064 1803 4114 It
1839 4062 2021 4114 would
2055 4079 2252 4129 appear
2291 4063 2415 4114 that
2453 4063 2550 4113 the
2596 4067 2626 4090 ‘⁸
2646 4078 2835 4127 appro-

558 4144 790 4211 priatio'’
828 4162 937 4198 was
971 4151 1068 4199 not
1103 4147 1231 4213 only
1266 4147 1421 4199 made
1457 4147 1591 4198 with
1626 4147 1723 4198 the
1758 4146 1857 4197 fun
1899 4150 2120 4197 consent
2162 4146 2219 4197 οὶ
2242 4146 2336 4196 the
2362 4146 2572 4208 flector,
2598 4145 2743 4196 John
2766 4145 2838 4195 de

561 4228 868 4295 Wykeham
907 4230 1018 4299 (see
1052 4247 1102 4298 p.
1129 4231 1277 4298 489),
1302 4231 1402 4282 but
1440 4246 1511 4281 on
1532 4230 1634 4281 the
1658 4229 2081 4296 understanding
2102 4229 2227 4281 that
2251 4230 2321 4280 he
2346 4228 2528 4281 would
2550 4228 2837 4280 forthwith

560 4318 746 4366 vacate
781 4314 876 4365 the
913 4315 1166 4381 Rectum,
1206 4315 1291 4366 for
1324 4315 1420 4367 the
1455 4316 1582 4367 date
1618 4314 1676 4366 of
1710 4314 1805 4365 the
1840 4314 2152 4365 institution
2187 4313 2243 4364 of
2278 4312 2373 4365 the
2408 4313 2528 4364 first
2558 4312 2842 4379 perpetual

557 4396 715 4456 vicar,
751 4397 880 4447 llth
908 4398 1106 4462 March,
1134 4399 1182 4449 is
1217 4399 1344 4465 only
1367 4403 1477 4450 two
1514 4415 1574 4449 or
1597 4398 1752 4449 three
1776 4397 1910 4464 days
1934 4412 2079 4448 more
2101 4396 2237 4448 than
2261 4396 2416 4447 three
2440 4395 2658 4446 months
2682 4394 2835 4449 later.

560 4478 614 4528 It
635 4495 778 4546 may,
806 4480 1047 4547 perhaps,
1073 4482 1140 4533 be
1163 4498 1221 4532 as
1244 4480 1367 4533 well
1390 4485 1449 4532 to
1473 4481 1652 4532 notice
1676 4481 1802 4532 here
1825 4480 1949 4532 that
1972 4480 2067 4531 the
2091 4478 2210 4530 said
2244 4478 2391 4529 John
2426 4478 2494 4529 de
2528 4477 2835 4544 Wykeham

554 4561 600 4612 is
637 4561 748 4613 also
784 4563 974 4613 named
1011 4565 1065 4614 in
1103 4564 1201 4615 No.
1242 4566 1365 4623 522,
1407 4564 1462 4613 in
1501 4564 1814 4616 connection
1840 4562 1974 4614 with
1997 4562 2093 4613 the
2117 4562 2421 4621 ordination
2446 4560 2522 4626 by
2545 4560 2638 4612 the
2665 4561 2836 4611 Arch-
