3254 5140
821 603 1370 662 CARTULARmM
1405 605 1811 657 ABBATHIAE
1847 605 1948 656 DE
1981 606 2356 658 WHITEBY.
2597 594 2716 653 591

451 763 653 828 Conv.
675 765 755 831 de
773 767 1067 852 Wyteby
1085 774 1507 853 perceperunt
1531 770 1848 835 decimam
1867 777 1934 834 et
1952 792 2187 836 novem
2207 779 2423 854 partes
2444 771 2543 854 (v)
2565 771 2733 833 fruc-

449 870 637 927 tuum
668 867 1185 948 provenientium
1205 868 1286 933 de
1306 869 1512 945 terrm,
1531 869 1664 934 scil.
1687 869 1766 933 de
1787 870 2121 952 Ryswarp,
2141 869 2441 933 Neuham
2461 875 2528 932 et
2548 873 2730 953 parto

449 962 625 1026 villae
647 964 728 1028 de
756 965 1044 1050 Wyteby
1075 987 1155 1031 ex
1187 973 1369 1050 parte
1400 968 1805 1044 occidentali,
1829 968 1898 1030 in
1921 967 2045 1031 hoc
2074 967 2313 1051 perjuri
2343 967 2466 1051 (vi)
2492 967 2729 1031 falsum

448 1059 773 1141 dixerunt,
815 1065 970 1148 quia
1021 1065 1181 1130 dicti
1232 1066 1539 1150 Religiosi
1586 1087 1625 1130 a
1676 1071 1966 1150 tempore
2017 1087 2146 1149 quo
2193 1087 2324 1130 non
2371 1071 2552 1130 extat
2597 1085 2729 1128 me-

447 1161 650 1225 moria
692 1171 1116 1247 perceperunt
1165 1166 1617 1229 tantummodo
1661 1166 1976 1230 decimam
2018 1166 2349 1230 fructuum
2406 1165 2727 1228 dictorum

447 1256 751 1337 locorum,
781 1268 847 1326 et
877 1263 1025 1346 (vii)
1055 1263 1351 1347 agricolae
1394 1265 1846 1348 praedictarum
1894 1272 2206 1328 terrarum
2235 1284 2467 1327 novem
2513 1268 2727 1346 partes

446 1367 887 1442 perceperunt,
938 1369 1006 1426 et
1056 1361 1267 1425 adhuc
1321 1363 1708 1447 percipiunt.
1802 1363 2031 1428 Interr.
2084 1361 2365 1445 qualiter
2413 1360 2537 1424 hoc
2588 1361 2728 1434 scit,

448 1455 626 1533 dicit,
679 1478 798 1541 per
852 1459 976 1524 hoc
1028 1461 1202 1543 quod
1253 1461 1365 1526 ille
1410 1462 1668 1544 juratus
1719 1482 1892 1526 unus
1944 1470 2046 1525 est
2091 1461 2264 1543 (viii)
2310 1461 2389 1525 de
2433 1459 2727 1544 agricolis

445 1554 772 1638 praedictis
831 1563 898 1621 et
947 1558 1345 1624 inhabitavit
1396 1560 1627 1623 villam
1673 1559 1753 1624 de
1816 1560 2129 1643 Ryswarp
2176 1560 2259 1624 ab
2310 1559 2609 1634 infantia,
2660 1563 2727 1621 et

447 1653 659 1719 adhuc
687 1655 1028 1721 inhabitat.

535 1752 608 1815 11
656 1754 1148 1840 Artic.—(linea
1192 1757 1242 1839 i)
1297 1758 1504 1841 Super
1549 1758 1833 1822 secundo
1878 1755 2176 1820 Articulo
2228 1754 2726 1819 intem—videl.

444 1871 528 1914 an
573 1852 863 1917 Abbates
906 1860 974 1920 et
1018 1856 1396 1920 Conventus
1439 1877 1559 1940 pro
1605 1856 2006 1939 temporibus
2057 1855 2413 1919 existentes
2464 1853 2727 1917 nomine

441 1969 578 2026 suo,
608 1950 988 2018 Monasterii
1023 1954 1143 2030 sui,
1187 1961 1253 2018 et
1282 1954 1586 2019 Ecclesiae
1634 1955 1704 2019 B.
1736 1955 1964 2018 Mariae
1994 1953 2098 2036 (ii)
2130 1954 2209 2017 de
2239 1952 2525 2036 Wyteby
2556 1952 2727 2015 deci-

445 2069 619 2113 mam
649 2072 937 2135 nnquam
981 2074 1020 2116 a
1062 2074 1295 2117 novem
1341 2055 1634 2137 partibus
1680 2053 2001 2118 dictorum
2047 2052 2375 2115 fructuum
2419 2051 2499 2114 de
2534 2049 2726 2114 dictis

443 2146 603 2213 locis
632 2157 991 2233 separatam
1024 2161 1465 2236 perceperunt,
1486 2154 1578 2216 ita
1603 2153 1777 2236 quod
1809 2171 2044 2215 novem
2068 2158 2283 2234 partes
2312 2149 2727 2232 re(iii)mans·

442 2255 635 2312 erunt
690 2270 890 2331 penes
945 2250 1190 2315 incolas
1249 2258 1317 2317 et
1376 2252 1551 2316 dicta
1595 2252 1737 2315 loca
1788 2250 2248 2324 inhabitanteS,
2315 2247 2492 2323 dicit,
2552 2248 2725 2330 quod

443 2346 572 2425 sic;
617 2354 683 2411 et
713 2348 834 2412 hoc
863 2369 902 2412 a
931 2357 1217 2433 tempore
1256 2351 1441 2433 cujus
1486 2371 1616 2413 non
1663 2356 1844 2413 extat
1888 2347 2213 2423 memoria,
2242 2351 2318 2409 ut
2361 2345 2728 2429 supradixit

442 2544 621 2623 dicit,
650 2546 823 2630 quod
851 2547 1155 2631 praedicta
1184 2548 1353 2613 vidit
1396 2556 1683 2632 tempore
1728 2568 1865 2624 su0,
1911 2554 1978 2612 et
2007 2546 2179 2631 quod
2210 2545 2371 2610 dicti
2416 2545 2725 2630 Religiosi

443 2644 538 2709 sic
587 2652 1007 2729 perceperunt
1055 2647 1153 2730 (v)
1200 2648 1292 2711 ita
1344 2647 1659 2712 decimam
1707 2648 2097 2731 praedictam,
2137 2653 2214 2710 ut
2249 2666 2442 2729 supra
2477 2646 2722 2709 dictum

442 2750 559 2820 est,
587 2765 628 2807 a
671 2749 957 2828 tempore
988 2747 1386 2810 fundationis
1431 2747 1816 2810 Monasterii
1860 2748 1982 2822 sui,
2011 2746 2243 2809 didicit
2287 2764 2325 2808 a
2368 2744 2725 2807 senioribus

442 2843 670 2925 patriae
713 2843 795 2908 de
840 2846 1253 2929 Wyte(vi)by
1302 2846 1554 2909 Strand.
1646 2845 1880 2909 Interr.
1928 2852 2146 2908 utrum
2201 2864 2278 2908 ea
2322 2863 2465 2925 quae
2518 2844 2724 2905 conti-

445 2950 680 3006 nentur
709 2943 779 3006 in
824 2944 946 3009 hoc
975 2944 1255 3008 secundo
1286 2944 1583 3008 Articulo
1612 2950 1771 3008 sunt
1814 2944 2093 3027 publica,
2125 2942 2391 3017 notoria,
2422 2948 2489 3004 ct
2518 2941 2723 3004 mani-

441 3042 610 3106 festa
652 3043 721 3106 in
767 3043 1057 3126 partibus
1101 3043 1181 3107 de
1212 3044 1515 3127 Wyteby,
1560 3049 1627 3108 et
1673 3044 1831 3107 locis
1863 3043 2010 3125 (vii)
2042 3041 2503 3124 adjacentibus,
2548 3040 2726 3116 dicit,

443 3140 615 3223 quod
645 3141 753 3205 sic.
844 3141 1073 3206 Interr.
1103 3141 1382 3225 qualiter
1410 3141 1532 3205 boc
1563 3143 1705 3217 scit,
1738 3141 1914 3216 dicit,
1943 3162 2057 3222 per
2086 3140 2206 3202 hoc
2236 3138 2408 3221 quod
2451 3139 2725 3221 ipsemet

434 3228 692 3321 juratus
723 3240 1039 3305 decimam
1070 3241 1441 3325 praedictam
1475 3241 1656 3305 dedit
1686 3240 1875 3304 dictis
1922 3238 2281 3321 ReligiosiS‚
2313 3236 2486 3319 (viii)
2517 3238 2722 3299 mani-

444 3338 564 3403 bus
608 3340 761 3416 81118,
797 3340 936 3423 jam
982 3361 1095 3425 per
1138 3341 1372 3425 viginti
1418 3360 1623 3405 annos
1671 3346 1738 3403 et
1780 3338 2076 3421 amplius,
2107 3342 2173 3401 et
2214 3336 2513 3399 similiter
2554 3336 2724 3400 vidit

443 3437 603 3502 alios
632 3439 880 3503 vicinos
925 3440 1129 3505 facere
1174 3440 1347 3504 dicta
1394 3439 1534 3504 loca
1576 3437 2020 3502 inhabitantes
2065 3435 2147 3499 ab
2177 3435 2302 3518 (ix)
2334 3432 2628 3509 infantia,
2658 3442 2726 3497 et

442 3536 598 3620 quia
644 3538 880 3602 cotidie
926 3539 1110 3602 audit
1158 3545 1224 3604 et
1275 3539 1498 3603 audire
1551 3542 1768 3621 potest
1814 3535 1988 3620 quod
2047 3532 2422 3618 hujusmodi
2465 3531 2722 3596 collatio

435 3636 616 3718 justa
645 3644 745 3701 est
772 3643 839 3702 et
867 3638 995 3701 fuit
1023 3639 1103 3703 ab
1133 3638 1338 3701 initio,
1433 3639 1660 3701 Interr.
1693 3635 1849 3720 quid
1881 3632 2000 3699 sit¹
2031 3632 2395 3699 differentia
2424 3631 2525 3714 (x)
2555 3631 2726 3696 inter

443 3735 797 3818 publicum,
840 3737 1182 3814 notorium,
1225 3742 1293 3801 et
1336 3737 1774 3813 manifestum,
1805 3735 1982 3812 dicit,
2012 3734 2185 3819 quod
2230 3732 2473 3797 nescit:
2519 3737 2586 3795 et
2627 3733 2723 3797 sic

442 3836 692 3918 experti
720 3843 876 3900 sunt
904 3836 1134 3900 tertius
1165 3844 1232 3900 et
1262 3836 1584 3901 secundus
1615 3835 1942 3899 articulus.

532 3933 698 3997 1111.
762 3934 967 4018 Super
1022 3942 1251 4018 quarto
1310 3935 1606 3999 Articulo
1666 3931 2163 3997 intem—videl.
2225 3951 2310 3994 an
2382 3935 2582 3993 testes
2642 3948 2723 3991 ex

444 4038 626 4115 parte
671 4033 843 4117 Mag.
875 4034 922 4099 J
923 4034 1197 4098 ohannis
1244 4034 1321 4097 (10
1367 4033 1699 4108 Thocotes,
1744 4033 1813 4096 in
1860 4051 2052 4097 causa
2095 4050 2229 4093 suae
2272 4027 2722 4093 conventionis

442 4132 758 4215 producti,
787 4132 1024 4196 falsum
1069 4132 1392 4210 dixerunt,
1435 4133 1543 4196 vel
1584 4152 1831 4209 verum,
1860 4130 2020 4194 dicit
2064 4128 2237 4211 quod
2280 4126 2533 4210 ignorat
2562 4125 2722 4209 quid

444 4233 571 4317 ipsi
615 4233 956 4298 dixerunt:
1004 4240 1104 4298 set
1147 4234 1203 4297 si
1246 4232 1374 4316 ipsi
1419 4232 1742 4307 dixerunt,
1772 4236 1848 4293 ut
1891 4229 2052 4293 dicit
2091 4228 2203 4291 ille
2241 4227 2517 4310 juratuS,
2546 4228 2721 4309 quod

443 4334 804 4417 manerium
835 4334 915 4397 de
947 4333 1282 4416 Stakesby,
1314 4338 1379 4397 et
1409 4332 1583 4394 villae
1613 4330 1694 4394 de
1741 4332 2054 4413 Ryswarp
2086 4334 2152 4392 et
2181 4327 2260 4390 de
2304 4327 2369 4389 N
2372 4324 2624 4402 enham,
2654 4334 2723 4389 et

441 4453 589 4516 pars
633 4432 1050 4498 occidentalis
1081 4431 1254 4496 villae
1302 4432 1380 4496 de
1412 4431 1696 4513 Wyteby
1728 4435 1882 4494 sunt
1911 4435 1977 4492 et
2022 4428 2284 4491 fuerunt
2315 4425 2394 4489 de
2438 4425 2624 4489 feodo
2655 4433 2722 4490 et

1508 4564 1526 4599 ¹
1562 4573 1657 4618 sut.
