<?xml version="1.0" encoding="UTF-8"?>
<!DOCTYPE html PUBLIC "-//W3C//DTD XHTML 1.0 Transitional//EN"
    "http://www.w3.org/TR/xhtml1/DTD/xhtml1-transitional.dtd">
<html xmlns="http://www.w3.org/1999/xhtml" xml:lang="en" lang="en">
 <head>
  <title>
</title>
<meta http-equiv="Content-Type" content="text/html;charset=utf-8" />
  <meta name='ocr-system' content='tesseract 3.04.00' />
  <meta name='ocr-capabilities' content='ocr_page ocr_carea ocr_par ocr_line ocrx_word'/>
</head>
<body>
  <div class='ocr_page' id='page_1' title='image "./cartulariumabba02atkigoog_0145.png"; bbox 0 0 3254 5140; ppageno 0'>
   <div class='ocr_carea' id='block_1_1' title="bbox 809 574 2696 639">
    <p class='ocr_par' dir='ltr' id='par_1_1' title="bbox 809 574 2696 639">
     <span class='ocr_line' id='line_1_1' title="bbox 809 574 2696 639; baseline -0.002 -6"><span class='ocrx_word' id='word_1_1' title='bbox 809 583 1348 636; x_wconf 82' lang='lat' dir='ltr'><strong>CARTULARIUM</strong></span> <span class='ocrx_word' id='word_1_2' title='bbox 1390 586 1792 636; x_wconf 82' lang='lat' dir='ltr'>ABBATHIAE</span> <span class='ocrx_word' id='word_1_3' title='bbox 1833 587 1927 637; x_wconf 89' lang='lat' dir='ltr'>DE</span> <span class='ocrx_word' id='word_1_4' title='bbox 1962 587 2329 639; x_wconf 87' lang='lat' dir='ltr'><strong>WHITEBY.</strong></span> <span class='ocrx_word' id='word_1_5' title='bbox 2572 574 2696 631; x_wconf 81' lang='grc'>485</span> 
     </span>
    </p>
   </div>
   <div class='ocr_carea' id='block_1_2' title="bbox 675 797 2444 881">
    <p class='ocr_par' dir='ltr' id='par_1_2' title="bbox 675 797 2444 881">
     <span class='ocr_line' id='line_1_2' title="bbox 675 797 2444 881; baseline 0.002 -21"><span class='ocrx_word' id='word_1_6' title='bbox 675 797 849 861; x_wconf 91' lang='lat' dir='ltr'>DLI.</span> <span class='ocrx_word' id='word_1_7' title='bbox 898 799 1084 881; x_wconf 88' lang='lat'>(147)</span> <span class='ocrx_word' id='word_1_8' title='bbox 1115 800 1638 864; x_wconf 72' lang='lat' dir='ltr'>Appnopnm1o¹</span> <span class='ocrx_word' id='word_1_9' title='bbox 1669 801 2012 864; x_wconf 65' lang='lat' dir='ltr'>EccasslAE</span> <span class='ocrx_word' id='word_1_10' title='bbox 2043 818 2128 865; x_wconf 73' lang='lat' dir='ltr'>ns</span> <span class='ocrx_word' id='word_1_11' title='bbox 2158 801 2444 865; x_wconf 52' lang='lat' dir='ltr'>Samma</span> 
     </span>
    </p>
   </div>
   <div class='ocr_carea' id='block_1_3' title="bbox 421 947 2702 1332">
    <p class='ocr_par' dir='ltr' id='par_1_3' title="bbox 421 947 2702 1332">
     <span class='ocr_line' id='line_1_3' title="bbox 515 947 2698 1024; baseline 0 -15"><span class='ocrx_word' id='word_1_12' title='bbox 515 947 596 1009; x_wconf 93' lang='lat' dir='ltr'>In</span> <span class='ocrx_word' id='word_1_13' title='bbox 639 947 766 1010; x_wconf 93' lang='lat' dir='ltr'>Dei</span> <span class='ocrx_word' id='word_1_14' title='bbox 802 947 1079 1024; x_wconf 91' lang='lat' dir='ltr'>nomine,</span> <span class='ocrx_word' id='word_1_15' title='bbox 1111 950 1340 1013; x_wconf 89' lang='lat' dir='ltr'>Amen.</span> <span class='ocrx_word' id='word_1_16' title='bbox 1430 949 1697 1013; x_wconf 80' lang='lat' dir='ltr'><strong>Auditis</strong></span> <span class='ocrx_word' id='word_1_17' title='bbox 1736 956 1802 1014; x_wconf 88' lang='lat' dir='ltr'>et</span> <span class='ocrx_word' id='word_1_18' title='bbox 1831 950 2180 1014; x_wconf 69' lang='lat' dir='ltr'>intellectis</span> <span class='ocrx_word' id='word_1_19' title='bbox 2211 949 2459 1014; x_wconf 87' lang='lat' dir='ltr'>meritis</span> <span class='ocrx_word' id='word_1_20' title='bbox 2492 968 2698 1012; x_wconf 86' lang='lat' dir='ltr'>causae</span> 
     </span>
     <span class='ocr_line' id='line_1_4' title="bbox 424 1046 2702 1132; baseline 0 -24"><span class='ocrx_word' id='word_1_21' title='bbox 424 1065 536 1109; x_wconf 86' lang='lat' dir='ltr'>seu</span> <span class='ocrx_word' id='word_1_22' title='bbox 590 1047 833 1129; x_wconf 87' lang='lat' dir='ltr'>negotii</span> <span class='ocrx_word' id='word_1_23' title='bbox 887 1067 1031 1129; x_wconf 87' lang='lat' dir='ltr'>quae</span> <span class='ocrx_word' id='word_1_24' title='bbox 1084 1068 1295 1111; x_wconf 89' lang='lat' dir='ltr'>coram</span> <span class='ocrx_word' id='word_1_25' title='bbox 1347 1049 1556 1124; x_wconf 86' lang='lat' dir='ltr'>nobis,</span> <span class='ocrx_word' id='word_1_26' title='bbox 1609 1048 1961 1127; x_wconf 88' lang='lat' dir='ltr'>Willelmo,</span> <span class='ocrx_word' id='word_1_27' title='bbox 2012 1048 2432 1132; x_wconf 80' lang='lat' dir='ltr'>permissione</span> <span class='ocrx_word' id='word_1_28' title='bbox 2478 1046 2702 1111; x_wconf 84' lang='lat' dir='ltr'>divina</span> 
     </span>
     <span class='ocr_line' id='line_1_5' title="bbox 424 1145 2701 1233; baseline 0 -25"><span class='ocrx_word' id='word_1_29' title='bbox 424 1145 810 1210; x_wconf 86' lang='lat' dir='ltr'>Eboracensi</span> <span class='ocrx_word' id='word_1_30' title='bbox 855 1147 1379 1233; x_wconf 86' lang='lat' dir='ltr'>Archiepiscopo,</span> <span class='ocrx_word' id='word_1_31' title='bbox 1423 1148 1680 1233; x_wconf 85' lang='lat' dir='ltr'>Angliae</span> <span class='ocrx_word' id='word_1_32' title='bbox 1712 1151 2013 1226; x_wconf 87' lang='lat' dir='ltr'>Primate‚</span> <span class='ocrx_word' id='word_1_33' title='bbox 2043 1149 2422 1213; x_wconf 85' lang='lat' dir='ltr'>auctoritate</span> <span class='ocrx_word' id='word_1_34' title='bbox 2450 1152 2701 1230; x_wconf 86' lang='lat' dir='ltr'>aposto·</span> 
     </span>
     <span class='ocr_line' id='line_1_6' title="bbox 421 1244 2702 1332; baseline 0 -24"><span class='ocrx_word' id='word_1_35' title='bbox 421 1244 548 1309; x_wconf 88' lang='lat' dir='ltr'>lica</span> <span class='ocrx_word' id='word_1_36' title='bbox 605 1247 977 1311; x_wconf 81' lang='lat' dir='ltr'>vertebatur</span> <span class='ocrx_word' id='word_1_37' title='bbox 1041 1268 1232 1332; x_wconf 85' lang='lat' dir='ltr'>super</span> <span class='ocrx_word' id='word_1_38' title='bbox 1290 1249 1700 1313; x_wconf 80' lang='lat' dir='ltr'>concessione</span> <span class='ocrx_word' id='word_1_39' title='bbox 1761 1269 1876 1313; x_wconf 86' lang='lat' dir='ltr'>seu</span> <span class='ocrx_word' id='word_1_40' title='bbox 1940 1249 2459 1332; x_wconf 81' lang='lat' dir='ltr'>appropriatione</span> <span class='ocrx_word' id='word_1_41' title='bbox 2517 1266 2702 1330; x_wconf 90' lang='lat' dir='ltr'>paro-</span> 
     </span>
    </p>
   </div>
   <div class='ocr_carea' id='block_1_4' title="bbox 425 1395 2701 1633">
    <p class='ocr_par' dir='ltr' id='par_1_4' title="bbox 425 1395 2701 1633">
     <span class='ocr_line' id='line_1_7' title="bbox 495 1395 2699 1466; baseline -0.001 -19"><span class='ocrx_word' id='word_1_42' title='bbox 495 1395 513 1428; x_wconf 84' lang='lat'>¹</span> <span class='ocrx_word' id='word_1_43' title='bbox 553 1397 665 1448; x_wconf 89' lang='lat' dir='ltr'>The</span> <span class='ocrx_word' id='word_1_44' title='bbox 701 1397 976 1466; x_wconf 80' lang='lat' dir='ltr'>following</span> <span class='ocrx_word' id='word_1_45' title='bbox 1012 1403 1224 1450; x_wconf 86' lang='lat' dir='ltr'>extract</span> <span class='ocrx_word' id='word_1_46' title='bbox 1259 1399 1370 1450; x_wconf 80' lang='lat' dir='ltr'>will</span> <span class='ocrx_word' id='word_1_47' title='bbox 1405 1416 1555 1450; x_wconf 83' lang='lat' dir='ltr'>serve</span> <span class='ocrx_word' id='word_1_48' title='bbox 1590 1404 1649 1450; x_wconf 90' lang='lat' dir='ltr'>to</span> <span class='ocrx_word' id='word_1_49' title='bbox 1685 1398 1950 1450; x_wconf 87' lang='lat' dir='ltr'>illustrate</span> <span class='ocrx_word' id='word_1_50' title='bbox 1976 1400 2069 1450; x_wconf 89' lang='lat' dir='ltr'>the</span> <span class='ocrx_word' id='word_1_51' title='bbox 2092 1399 2502 1450; x_wconf 68' lang='lat' dir='ltr'>circumstances</span> <span class='ocrx_word' id='word_1_52' title='bbox 2525 1396 2699 1448; x_wconf 88' lang='lat' dir='ltr'>under</span> 
     </span>
     <span class='ocr_line' id='line_1_8' title="bbox 425 1480 2701 1550; baseline -0 -21"><span class='ocrx_word' id='word_1_53' title='bbox 425 1480 599 1532; x_wconf 82' lang='lat' dir='ltr'>which</span> <span class='ocrx_word' id='word_1_54' title='bbox 638 1482 748 1532; x_wconf 89' lang='lat' dir='ltr'>this</span> <span class='ocrx_word' id='word_1_55' title='bbox 784 1486 818 1510; x_wconf 82' lang='lat'>‘⁸</span> <span class='ocrx_word' id='word_1_56' title='bbox 837 1482 1196 1548; x_wconf 81' lang='lat' dir='ltr'>appropriatio</span> <span class='ocrx_word' id='word_1_57' title='bbox 1214 1482 1242 1506; x_wconf 91' lang='lat'><strong>”</strong></span> <span class='ocrx_word' id='word_1_58' title='bbox 1270 1499 1376 1533; x_wconf 80' lang='lat' dir='ltr'>was</span> <span class='ocrx_word' id='word_1_59' title='bbox 1410 1483 1621 1550; x_wconf 77' lang='lat' dir='ltr'>applied</span> <span class='ocrx_word' id='word_1_60' title='bbox 1658 1483 1742 1533; x_wconf 89' lang='lat' dir='ltr'>for</span> <span class='ocrx_word' id='word_1_61' title='bbox 1763 1483 1869 1534; x_wconf 90' lang='lat' dir='ltr'>and</span> <span class='ocrx_word' id='word_1_62' title='bbox 1901 1483 2209 1548; x_wconf 83' lang='lat' dir='ltr'>eventually</span> <span class='ocrx_word' id='word_1_63' title='bbox 2233 1483 2402 1534; x_wconf 86' lang='lat' dir='ltr'>made.</span> <span class='ocrx_word' id='word_1_64' title='bbox 2476 1481 2701 1548; x_wconf 84' lang='lat' dir='ltr'>Copious</span> 
     </span>
     <span class='ocr_line' id='line_1_9' title="bbox 425 1565 2599 1633; baseline 0 -20"><span class='ocrx_word' id='word_1_65' title='bbox 425 1565 689 1615; x_wconf 81' lang='lat' dir='ltr'>reference</span> <span class='ocrx_word' id='word_1_66' title='bbox 713 1571 772 1616; x_wconf 89' lang='lat' dir='ltr'>to</span> <span class='ocrx_word' id='word_1_67' title='bbox 797 1565 891 1616; x_wconf 89' lang='lat' dir='ltr'>the</span> <span class='ocrx_word' id='word_1_68' title='bbox 914 1569 1111 1617; x_wconf 87' lang='lat' dir='ltr'>matter</span> <span class='ocrx_word' id='word_1_69' title='bbox 1134 1567 1181 1616; x_wconf 90' lang='lat' dir='ltr'>is</span> <span class='ocrx_word' id='word_1_70' title='bbox 1205 1566 1372 1617; x_wconf 83' lang='lat' dir='ltr'>found</span> <span class='ocrx_word' id='word_1_71' title='bbox 1396 1566 1451 1616; x_wconf 93' lang='lat' dir='ltr'>in</span> <span class='ocrx_word' id='word_1_72' title='bbox 1478 1566 1817 1633; x_wconf 86' lang='lat' dir='ltr'>Archbishop</span> <span class='ocrx_word' id='word_1_73' title='bbox 1841 1566 2090 1617; x_wconf 85' lang='lat' dir='ltr'>Melton’s</span> <span class='ocrx_word' id='word_1_74' title='bbox 2116 1567 2374 1633; x_wconf 88' lang='lat' dir='ltr'>Register,</span> <span class='ocrx_word' id='word_1_75' title='bbox 2400 1582 2449 1631; x_wconf 87' lang='lat' dir='ltr'>p.</span> <span class='ocrx_word' id='word_1_76' title='bbox 2479 1565 2599 1615; x_wconf 83' lang='lat'><strong>293.</strong></span> 
     </span>
    </p>
   </div>
   <div class='ocr_carea' id='block_1_5' title="bbox 497 1694 2617 1850">
    <p class='ocr_par' dir='ltr' id='par_1_5' title="bbox 497 1694 2617 1850">
     <span class='ocr_line' id='line_1_10' title="bbox 497 1694 2617 1767; baseline -0.014 0"><span class='ocrx_word' id='word_1_77' title='bbox 497 1694 555 1766; x_wconf 90' lang='lat'>[“</span> <span class='ocrx_word' id='word_1_78' title='bbox 573 1697 761 1766; x_wconf 84' lang='lat' dir='ltr'>King’s</span> <span class='ocrx_word' id='word_1_79' title='bbox 787 1698 946 1750; x_wconf 89' lang='lat' dir='ltr'>letter</span> <span class='ocrx_word' id='word_1_80' title='bbox 967 1703 1028 1750; x_wconf 90' lang='lat' dir='ltr'>to</span> <span class='ocrx_word' id='word_1_81' title='bbox 1053 1699 1146 1750; x_wconf 88' lang='lat' dir='ltr'>the</span> <span class='ocrx_word' id='word_1_82' title='bbox 1173 1699 1333 1766; x_wconf 80' lang='lat' dir='ltr'>Pope,</span> <span class='ocrx_word' id='word_1_83' title='bbox 1358 1700 1584 1767; x_wconf 71' lang='lat' dir='ltr'>Praying</span> <span class='ocrx_word' id='word_1_84' title='bbox 1609 1699 1731 1751; x_wconf 88' lang='lat' dir='ltr'>that</span> <span class='ocrx_word' id='word_1_85' title='bbox 1755 1699 1848 1750; x_wconf 87' lang='lat' dir='ltr'>the</span> <span class='ocrx_word' id='word_1_86' title='bbox 1873 1700 2086 1750; x_wconf 88' lang='lat' dir='ltr'>Church</span> <span class='ocrx_word' id='word_1_87' title='bbox 2111 1700 2166 1750; x_wconf 93' lang='lat' dir='ltr'>of</span> <span class='ocrx_word' id='word_1_88' title='bbox 2191 1699 2419 1764; x_wconf 85' lang='lat' dir='ltr'>Whitby</span> <span class='ocrx_word' id='word_1_89' title='bbox 2443 1697 2617 1765; x_wconf 71' lang='lat' dir='ltr'>might</span> 
     </span>
     <span class='ocr_line' id='line_1_11' title="bbox 1074 1779 2126 1850; baseline -0.022 2"><span class='ocrx_word' id='word_1_90' title='bbox 1074 1782 1412 1849; x_wconf 63' lang='lat' dir='ltr'>appropriate</span> <span class='ocrx_word' id='word_1_91' title='bbox 1434 1781 1527 1833; x_wconf 84' lang='lat' dir='ltr'>the</span> <span class='ocrx_word' id='word_1_92' title='bbox 1552 1782 1766 1833; x_wconf 90' lang='lat' dir='ltr'>Church</span> <span class='ocrx_word' id='word_1_93' title='bbox 1792 1781 1848 1832; x_wconf 91' lang='lat' dir='ltr'>of</span> <span class='ocrx_word' id='word_1_94' title='bbox 1873 1779 2126 1850; x_wconf 86' lang='lat' dir='ltr'>Semer.”]</span> 
     </span>
    </p>
   </div>
   <div class='ocr_carea' id='block_1_6' title="bbox 417 1887 2706 4601">
    <p class='ocr_par' dir='ltr' id='par_1_6' title="bbox 423 1887 2703 2194">
     <span class='ocr_line' id='line_1_12' title="bbox 497 1887 2703 1951; baseline -0 -13"><span class='ocrx_word' id='word_1_95' title='bbox 497 1892 527 1916; x_wconf 82' lang='lat'>‘⁸</span> <span class='ocrx_word' id='word_1_96' title='bbox 549 1888 737 1938; x_wconf 84' lang='lat' dir='ltr'>Rotuli</span> <span class='ocrx_word' id='word_1_97' title='bbox 772 1888 924 1940; x_wconf 85' lang='lat' dir='ltr'>Rom.</span> <span class='ocrx_word' id='word_1_98' title='bbox 952 1892 1009 1939; x_wconf 88' lang='lat' dir='ltr'>et</span> <span class='ocrx_word' id='word_1_99' title='bbox 1039 1889 1223 1941; x_wconf 84' lang='lat' dir='ltr'>Franc.</span> <span class='ocrx_word' id='word_1_100' title='bbox 1258 1891 1414 1941; x_wconf 84' lang='lat'>15-18</span> <span class='ocrx_word' id='word_1_101' title='bbox 1440 1889 1589 1940; x_wconf 83' lang='lat' dir='ltr'>Edw.</span> <span class='ocrx_word' id='word_1_102' title='bbox 1618 1903 1680 1940; x_wconf 84' lang='lat'>11.</span> <span class='ocrx_word' id='word_1_103' title='bbox 1716 1889 1776 1939; x_wconf 90' lang='lat'>19</span> <span class='ocrx_word' id='word_1_104' title='bbox 1799 1889 1836 1939; x_wconf 88' lang='lat' dir='ltr'><strong>J</strong></span> <span class='ocrx_word' id='word_1_105' title='bbox 1841 1905 1925 1940; x_wconf 85' lang='lat' dir='ltr'>un.</span> <span class='ocrx_word' id='word_1_106' title='bbox 1955 1890 2025 1939; x_wconf 77' lang='lat' dir='ltr'>Ao</span> <span class='ocrx_word' id='word_1_107' title='bbox 2055 1888 2150 1940; x_wconf 84' lang='lat'><em>16‘&#39;</em></span> <span class='ocrx_word' id='word_1_108' title='bbox 2179 1890 2375 1951; x_wconf 82' lang='grc'><strong>(1223),</strong></span> <span class='ocrx_word' id='word_1_109' title='bbox 2405 1904 2480 1949; x_wconf 92' lang='lat' dir='ltr'>or,</span> <span class='ocrx_word' id='word_1_110' title='bbox 2507 1905 2564 1938; x_wconf 85' lang='lat' dir='ltr'>as</span> <span class='ocrx_word' id='word_1_111' title='bbox 2589 1887 2634 1937; x_wconf 87' lang='lat' dir='ltr'>it</span> <span class='ocrx_word' id='word_1_112' title='bbox 2658 1887 2703 1937; x_wconf 91' lang='lat' dir='ltr'>is</span> 
     </span>
     <span class='ocr_line' id='line_1_13' title="bbox 424 1969 2698 2038; baseline -0.001 -17"><span class='ocrx_word' id='word_1_113' title='bbox 424 1970 631 2022; x_wconf 88' lang='lat' dir='ltr'>headed</span> <span class='ocrx_word' id='word_1_114' title='bbox 654 1970 710 2021; x_wconf 91' lang='lat' dir='ltr'>in</span> <span class='ocrx_word' id='word_1_115' title='bbox 735 1971 975 2038; x_wconf 87' lang='lat' dir='ltr'>Dugdale</span> <span class='ocrx_word' id='word_1_116' title='bbox 1002 1971 1163 2034; x_wconf 82' lang='lat' dir='ltr'>(Mon.</span> <span class='ocrx_word' id='word_1_117' title='bbox 1193 1972 1225 2023; x_wconf 92' lang='lat' dir='ltr'>i.</span> <span class='ocrx_word' id='word_1_118' title='bbox 1255 1974 1360 2023; x_wconf 87' lang='lat'>418</span> <span class='ocrx_word' id='word_1_119' title='bbox 1387 1979 1434 2022; x_wconf 72' lang='lat' dir='ltr'>et</span> <span class='ocrx_word' id='word_1_120' title='bbox 1457 1988 1575 2036; x_wconf 69' lang='lat' dir='ltr'>seq„</span> <span class='ocrx_word' id='word_1_121' title='bbox 1609 1971 1711 2022; x_wconf 83' lang='lat' dir='ltr'>No.</span> <span class='ocrx_word' id='word_1_122' title='bbox 1742 1972 1961 2034; x_wconf 48' lang='lat' dir='ltr'>xxxin),</span> <span class='ocrx_word' id='word_1_123' title='bbox 1996 1975 2026 2000; x_wconf 88' lang='lat'>“</span> <span class='ocrx_word' id='word_1_124' title='bbox 2047 1972 2170 2022; x_wconf 84' lang='lat' dir='ltr'>Rot.</span> <span class='ocrx_word' id='word_1_125' title='bbox 2197 1971 2347 2022; x_wconf 88' lang='lat' dir='ltr'>Rom.</span> <span class='ocrx_word' id='word_1_126' title='bbox 2375 1972 2439 2022; x_wconf 88' lang='grc'>15</span> <span class='ocrx_word' id='word_1_127' title='bbox 2465 1969 2613 2020; x_wconf 81' lang='lat' dir='ltr'>Edw.</span> <span class='ocrx_word' id='word_1_128' title='bbox 2639 1983 2698 2019; x_wconf 88' lang='lat'>11.</span> 
     </span>
     <span class='ocr_line' id='line_1_14' title="bbox 424 2053 2699 2122; baseline -0.001 -17"><span class='ocrx_word' id='word_1_129' title='bbox 424 2071 493 2105; x_wconf 87' lang='lat' dir='ltr'>m.</span> <span class='ocrx_word' id='word_1_130' title='bbox 539 2056 619 2106; x_wconf 92' lang='grc'>10.</span> <span class='ocrx_word' id='word_1_131' title='bbox 697 2054 895 2120; x_wconf 84' lang='lat' dir='ltr'>Rymer</span> <span class='ocrx_word' id='word_1_132' title='bbox 932 2054 1150 2106; x_wconf 86' lang='lat' dir='ltr'>Collect.</span> <span class='ocrx_word' id='word_1_133' title='bbox 1179 2071 1286 2106; x_wconf 92' lang='lat' dir='ltr'>non</span> <span class='ocrx_word' id='word_1_134' title='bbox 1322 2056 1558 2122; x_wconf 88' lang='lat' dir='ltr'>impress.</span> <span class='ocrx_word' id='word_1_135' title='bbox 1589 2061 1718 2107; x_wconf 84' lang='lat' dir='ltr'>tom.</span> <span class='ocrx_word' id='word_1_136' title='bbox 1747 2055 1819 2107; x_wconf 90' lang='lat' dir='ltr'>iii.</span> <span class='ocrx_word' id='word_1_137' title='bbox 1849 2055 1886 2105; x_wconf 95' lang='lat' dir='ltr'>f.</span> <span class='ocrx_word' id='word_1_138' title='bbox 1921 2057 2035 2107; x_wconf 87' lang='lat'>193.</span> <span class='ocrx_word' id='word_1_139' title='bbox 2108 2068 2193 2105; x_wconf 73' lang='lat' dir='ltr'>us.</span> <span class='ocrx_word' id='word_1_140' title='bbox 2224 2054 2414 2104; x_wconf 90' lang='lat' dir='ltr'>Donat.</span> <span class='ocrx_word' id='word_1_141' title='bbox 2445 2054 2531 2104; x_wconf 91' lang='lat' dir='ltr'>Br.</span> <span class='ocrx_word' id='word_1_142' title='bbox 2561 2053 2699 2103; x_wconf 87' lang='lat' dir='ltr'>Mus.</span> 
     </span>
     <span class='ocr_line' id='line_1_15' title="bbox 423 2136 618 2194; baseline 0.005 -6"><span class='ocrx_word' id='word_1_143' title='bbox 423 2136 618 2194; x_wconf 81' lang='lat'><strong>4578.”</strong></span> 
     </span>
    </p>

    <p class='ocr_par' dir='ltr' id='par_1_7' title="bbox 417 2218 2706 4601">
     <span class='ocr_line' id='line_1_16' title="bbox 502 2218 2703 2286; baseline -0.001 -15"><span class='ocrx_word' id='word_1_144' title='bbox 502 2226 537 2250; x_wconf 91' lang='grc'>“</span> <span class='ocrx_word' id='word_1_145' title='bbox 552 2221 707 2286; x_wconf 83' lang='lat' dir='ltr'>Papoe</span> <span class='ocrx_word' id='word_1_146' title='bbox 732 2220 850 2270; x_wconf 81' lang='lat' dir='ltr'>Rex</span> <span class='ocrx_word' id='word_1_147' title='bbox 874 2219 1069 2271; x_wconf 83' lang='lat' dir='ltr'>devota</span> <span class='ocrx_word' id='word_1_148' title='bbox 1092 2219 1287 2286; x_wconf 90' lang='lat' dir='ltr'>pedum</span> <span class='ocrx_word' id='word_1_149' title='bbox 1313 2219 1494 2271; x_wconf 89' lang='lat' dir='ltr'>oscula</span> <span class='ocrx_word' id='word_1_150' title='bbox 1516 2219 1808 2272; x_wconf 90' lang='lat' dir='ltr'>beatorum.</span> <span class='ocrx_word' id='word_1_151' title='bbox 1875 2220 1964 2270; x_wconf 88' lang='lat' dir='ltr'>Ad</span> <span class='ocrx_word' id='word_1_152' title='bbox 1977 2219 2220 2270; x_wconf 85' lang='lat' dir='ltr'>decorem</span> <span class='ocrx_word' id='word_1_153' title='bbox 2239 2219 2485 2270; x_wconf 79' lang='lat' dir='ltr'>Ecclesiae</span> <span class='ocrx_word' id='word_1_154' title='bbox 2505 2223 2561 2270; x_wconf 93' lang='lat' dir='ltr'>et</span> <span class='ocrx_word' id='word_1_155' title='bbox 2579 2218 2703 2269; x_wconf 82' lang='lat' dir='ltr'>vitae</span> 
     </span>
     <span class='ocr_line' id='line_1_17' title="bbox 423 2302 2705 2370; baseline -0 -17"><span class='ocrx_word' id='word_1_156' title='bbox 423 2304 725 2354; x_wconf 79' lang='lat' dir='ltr'>monasticae</span> <span class='ocrx_word' id='word_1_157' title='bbox 764 2302 1053 2370; x_wconf 87' lang='lat' dir='ltr'>puritatem</span> <span class='ocrx_word' id='word_1_158' title='bbox 1077 2309 1274 2355; x_wconf 83' lang='lat' dir='ltr'>nostrae</span> <span class='ocrx_word' id='word_1_159' title='bbox 1299 2303 1738 2355; x_wconf 73' lang='lat' dir='ltr'>considerationis</span> <span class='ocrx_word' id='word_1_160' title='bbox 1775 2303 2018 2354; x_wconf 79' lang='lat' dir='ltr'>obtuitus</span> <span class='ocrx_word' id='word_1_161' title='bbox 2041 2303 2344 2370; x_wconf 80' lang='lat' dir='ltr'>dirigentes,</span> <span class='ocrx_word' id='word_1_162' title='bbox 2371 2302 2472 2353; x_wconf 89' lang='lat' dir='ltr'>etsi</span> <span class='ocrx_word' id='word_1_163' title='bbox 2498 2302 2705 2353; x_wconf 87' lang='lat' dir='ltr'>cunctis</span> 
     </span>
     <span class='ocr_line' id='line_1_18' title="bbox 424 2385 2701 2454; baseline -0 -17"><span class='ocrx_word' id='word_1_164' title='bbox 424 2387 536 2437; x_wconf 88' lang='lat' dir='ltr'>Deo</span> <span class='ocrx_word' id='word_1_165' title='bbox 573 2387 956 2438; x_wconf 73' lang='lat' dir='ltr'>famulantibus</span> <span class='ocrx_word' id='word_1_166' title='bbox 980 2386 1036 2437; x_wconf 90' lang='lat' dir='ltr'>in</span> <span class='ocrx_word' id='word_1_167' title='bbox 1062 2387 1401 2438; x_wconf 85' lang='lat' dir='ltr'>observantia</span> <span class='ocrx_word' id='word_1_168' title='bbox 1425 2386 1654 2454; x_wconf 89' lang='lat' dir='ltr'>regulari</span> <span class='ocrx_word' id='word_1_169' title='bbox 1679 2386 1925 2453; x_wconf 82' lang='lat' dir='ltr'>prodesse</span> <span class='ocrx_word' id='word_1_170' title='bbox 1949 2387 2206 2453; x_wconf 88' lang='lat' dir='ltr'>cupimus,</span> <span class='ocrx_word' id='word_1_171' title='bbox 2234 2390 2289 2436; x_wconf 90' lang='lat' dir='ltr'>et</span> <span class='ocrx_word' id='word_1_172' title='bbox 2311 2386 2369 2436; x_wconf 88' lang='lat' dir='ltr'>in</span> <span class='ocrx_word' id='word_1_173' title='bbox 2394 2385 2701 2452; x_wconf 87' lang='lat' dir='ltr'>opportuni·</span> 
     </span>
     <span class='ocr_line' id='line_1_19' title="bbox 422 2468 2703 2537; baseline -0 -17"><span class='ocrx_word' id='word_1_174' title='bbox 422 2470 626 2521; x_wconf 88' lang='lat' dir='ltr'>tatibus</span> <span class='ocrx_word' id='word_1_175' title='bbox 668 2470 964 2530; x_wconf 84' lang='lat' dir='ltr'>subvenire,</span> <span class='ocrx_word' id='word_1_176' title='bbox 1010 2471 1221 2522; x_wconf 80' lang='lat' dir='ltr'>illorum</span> <span class='ocrx_word' id='word_1_177' title='bbox 1263 2475 1444 2522; x_wconf 87' lang='lat' dir='ltr'>tamen</span> <span class='ocrx_word' id='word_1_178' title='bbox 1485 2471 1773 2521; x_wconf 88' lang='lat' dir='ltr'>restaurari</span> <span class='ocrx_word' id='word_1_179' title='bbox 1808 2470 2096 2537; x_wconf 86' lang='lat' dir='ltr'>deperdita,</span> <span class='ocrx_word' id='word_1_180' title='bbox 2133 2475 2189 2521; x_wconf 88' lang='lat' dir='ltr'>et</span> <span class='ocrx_word' id='word_1_181' title='bbox 2229 2468 2582 2536; x_wconf 87' lang='lat' dir='ltr'>depressionis</span> <span class='ocrx_word' id='word_1_182' title='bbox 2624 2469 2703 2519; x_wconf 91' lang='lat' dir='ltr'>in-</span> 
     </span>
     <span class='ocr_line' id='line_1_20' title="bbox 422 2551 2703 2622; baseline -0 -17"><span class='ocrx_word' id='word_1_183' title='bbox 422 2553 698 2606; x_wconf 88' lang='lat' dir='ltr'>commoda</span> <span class='ocrx_word' id='word_1_184' title='bbox 731 2553 980 2620; x_wconf 86' lang='lat' dir='ltr'>reparari,</span> <span class='ocrx_word' id='word_1_185' title='bbox 1005 2552 1282 2606; x_wconf 86' lang='lat' dir='ltr'>intentiori</span> <span class='ocrx_word' id='word_1_186' title='bbox 1317 2553 1580 2606; x_wconf 87' lang='lat' dir='ltr'>desiderio</span> <span class='ocrx_word' id='word_1_187' title='bbox 1605 2557 1958 2621; x_wconf 79' lang='lat' dir='ltr'>praeoptamus</span> <span class='ocrx_word' id='word_1_188' title='bbox 1982 2570 2115 2622; x_wconf 85' lang='lat' dir='ltr'>quos</span> <span class='ocrx_word' id='word_1_189' title='bbox 2149 2570 2255 2605; x_wconf 91' lang='lat' dir='ltr'>non</span> <span class='ocrx_word' id='word_1_190' title='bbox 2290 2553 2513 2620; x_wconf 77' lang='lat' dir='ltr'>propriae</span> <span class='ocrx_word' id='word_1_191' title='bbox 2537 2551 2703 2619; x_wconf 81' lang='lat' dir='ltr'>culpae</span> 
     </span>
     <span class='ocr_line' id='line_1_21' title="bbox 423 2637 2703 2705; baseline -0 -17"><span class='ocrx_word' id='word_1_192' title='bbox 423 2637 738 2689; x_wconf 87' lang='lat' dir='ltr'>demeritum</span> <span class='ocrx_word' id='word_1_193' title='bbox 774 2637 867 2689; x_wconf 89' lang='lat' dir='ltr'>sed</span> <span class='ocrx_word' id='word_1_194' title='bbox 903 2638 1184 2689; x_wconf 84' lang='lat' dir='ltr'>servientis</span> <span class='ocrx_word' id='word_1_195' title='bbox 1218 2638 1447 2690; x_wconf 78' lang='lat' dir='ltr'>fortunae</span> <span class='ocrx_word' id='word_1_196' title='bbox 1482 2638 1756 2690; x_wconf 83' lang='lat' dir='ltr'>calamitas</span> <span class='ocrx_word' id='word_1_197' title='bbox 1793 2638 2130 2704; x_wconf 86' lang='lat' dir='ltr'>inopinanter</span> <span class='ocrx_word' id='word_1_198' title='bbox 2154 2638 2436 2705; x_wconf 76' lang='lat' dir='ltr'>supposuit</span> <span class='ocrx_word' id='word_1_199' title='bbox 2461 2637 2703 2704; x_wconf 82' lang='lat' dir='ltr'>egestati.</span> 
     </span>
     <span class='ocr_line' id='line_1_22' title="bbox 422 2720 2705 2789; baseline 0 -18"><span class='ocrx_word' id='word_1_200' title='bbox 422 2720 556 2772; x_wconf 88' lang='lat' dir='ltr'>Cum</span> <span class='ocrx_word' id='word_1_201' title='bbox 592 2721 773 2788; x_wconf 85' lang='lat' dir='ltr'>itaque</span> <span class='ocrx_word' id='word_1_202' title='bbox 808 2721 1191 2772; x_wconf 86' lang='lat' dir='ltr'>Monasterium</span> <span class='ocrx_word' id='word_1_203' title='bbox 1227 2721 1294 2772; x_wconf 90' lang='lat' dir='ltr'>de</span> <span class='ocrx_word' id='word_1_204' title='bbox 1329 2721 1604 2787; x_wconf 83' lang='lat' dir='ltr'>Whiteby,</span> <span class='ocrx_word' id='word_1_205' title='bbox 1648 2721 1773 2773; x_wconf 88' lang='lat' dir='ltr'>Ord.</span> <span class='ocrx_word' id='word_1_206' title='bbox 1801 2722 1849 2772; x_wconf 90' lang='lat' dir='ltr'>S.</span> <span class='ocrx_word' id='word_1_207' title='bbox 1879 2722 2171 2785; x_wconf 77' lang='lat' dir='ltr'>Benedicti,</span> <span class='ocrx_word' id='word_1_208' title='bbox 2195 2722 2352 2773; x_wconf 85' lang='lat' dir='ltr'>Ebor.</span> <span class='ocrx_word' id='word_1_209' title='bbox 2381 2721 2533 2783; x_wconf 68' lang='lat' dir='ltr'>dioc„</span> <span class='ocrx_word' id='word_1_210' title='bbox 2559 2721 2705 2789; x_wconf 90' lang='lat' dir='ltr'>quod</span> 
     </span>
     <span class='ocr_line' id='line_1_23' title="bbox 421 2804 2705 2873; baseline 0 -19"><span class='ocrx_word' id='word_1_211' title='bbox 421 2804 478 2854; x_wconf 89' lang='lat' dir='ltr'>in</span> <span class='ocrx_word' id='word_1_212' title='bbox 516 2804 629 2855; x_wconf 93' lang='lat' dir='ltr'>loco</span> <span class='ocrx_word' id='word_1_213' title='bbox 665 2808 878 2855; x_wconf 83' lang='lat' dir='ltr'>vastato</span> <span class='ocrx_word' id='word_1_214' title='bbox 910 2808 966 2855; x_wconf 92' lang='lat' dir='ltr'>et</span> <span class='ocrx_word' id='word_1_215' title='bbox 1007 2805 1176 2856; x_wconf 88' lang='lat' dir='ltr'>sterili</span> <span class='ocrx_word' id='word_1_216' title='bbox 1210 2804 1377 2856; x_wconf 89' lang='lat' dir='ltr'>situm</span> <span class='ocrx_word' id='word_1_217' title='bbox 1418 2810 1517 2866; x_wconf 86' lang='lat' dir='ltr'>est,</span> <span class='ocrx_word' id='word_1_218' title='bbox 1555 2821 1650 2871; x_wconf 87' lang='lat' dir='ltr'>per</span> <span class='ocrx_word' id='word_1_219' title='bbox 1685 2804 1906 2857; x_wconf 85' lang='lat' dir='ltr'>hostiles</span> <span class='ocrx_word' id='word_1_220' title='bbox 1942 2805 2243 2857; x_wconf 85' lang='lat' dir='ltr'>Scottorum</span> <span class='ocrx_word' id='word_1_221' title='bbox 2281 2821 2573 2873; x_wconf 82' lang='lat' dir='ltr'>aggressus,</span> <span class='ocrx_word' id='word_1_222' title='bbox 2612 2805 2705 2869; x_wconf 89' lang='lat' dir='ltr'>qui</span> 
     </span>
     <span class='ocr_line' id='line_1_24' title="bbox 422 2887 2706 2954; baseline 0 -17"><span class='ocrx_word' id='word_1_223' title='bbox 422 2888 579 2937; x_wconf 82' lang='lat' dir='ltr'>villas</span> <span class='ocrx_word' id='word_1_224' title='bbox 615 2892 670 2938; x_wconf 95' lang='lat' dir='ltr'>et</span> <span class='ocrx_word' id='word_1_225' title='bbox 707 2888 919 2953; x_wconf 87' lang='lat' dir='ltr'>oppida,</span> <span class='ocrx_word' id='word_1_226' title='bbox 945 2888 1191 2954; x_wconf 87' lang='lat' dir='ltr'>bonaque</span> <span class='ocrx_word' id='word_1_227' title='bbox 1225 2887 1443 2939; x_wconf 89' lang='lat' dir='ltr'>mobilia</span> <span class='ocrx_word' id='word_1_228' title='bbox 1476 2887 1716 2953; x_wconf 84' lang='lat' dir='ltr'>ejusdem</span> <span class='ocrx_word' id='word_1_229' title='bbox 1754 2887 1936 2940; x_wconf 85' lang='lat' dir='ltr'>Mon’ii</span> <span class='ocrx_word' id='word_1_230' title='bbox 1972 2888 2189 2940; x_wconf 84' lang='lat' dir='ltr'>feritate</span> <span class='ocrx_word' id='word_1_231' title='bbox 2211 2887 2484 2939; x_wconf 87' lang='lat' dir='ltr'>barbarica</span> <span class='ocrx_word' id='word_1_232' title='bbox 2508 2887 2706 2953; x_wconf 85' lang='lat' dir='ltr'>pluries</span> 
     </span>
     <span class='ocr_line' id='line_1_25' title="bbox 422 2972 2702 3037; baseline -0 -15"><span class='ocrx_word' id='word_1_233' title='bbox 422 2972 784 3035; x_wconf 75' lang='lat' dir='ltr'>devastarunt,</span> <span class='ocrx_word' id='word_1_234' title='bbox 810 2988 1013 3022; x_wconf 84' lang='lat' dir='ltr'>necnon</span> <span class='ocrx_word' id='word_1_235' title='bbox 1050 2988 1144 3037; x_wconf 89' lang='lat' dir='ltr'>per</span> <span class='ocrx_word' id='word_1_236' title='bbox 1178 2987 1507 3023; x_wconf 89' lang='lat' dir='ltr'>communem</span> <span class='ocrx_word' id='word_1_237' title='bbox 1526 2972 1789 3023; x_wconf 89' lang='lat' dir='ltr'>morinam</span> <span class='ocrx_word' id='word_1_238' title='bbox 1814 2972 2137 3035; x_wconf 89' lang='lat' dir='ltr'>animalium,</span> <span class='ocrx_word' id='word_1_239' title='bbox 2165 2977 2221 3024; x_wconf 92' lang='lat' dir='ltr'>et</span> <span class='ocrx_word' id='word_1_240' title='bbox 2245 2972 2377 3022; x_wconf 88' lang='lat' dir='ltr'>alios</span> <span class='ocrx_word' id='word_1_241' title='bbox 2400 2972 2702 3036; x_wconf 86' lang='lat' dir='ltr'>insperatos</span> 
     </span>
     <span class='ocr_line' id='line_1_26' title="bbox 421 3053 2702 3122; baseline -0.001 -16"><span class='ocrx_word' id='word_1_242' title='bbox 421 3059 661 3116; x_wconf 85' lang='lat' dir='ltr'>eventus,</span> <span class='ocrx_word' id='word_1_243' title='bbox 701 3055 769 3105; x_wconf 88' lang='lat' dir='ltr'>ad</span> <span class='ocrx_word' id='word_1_244' title='bbox 812 3059 1019 3106; x_wconf 82' lang='lat' dir='ltr'>tantam</span> <span class='ocrx_word' id='word_1_245' title='bbox 1057 3054 1218 3121; x_wconf 83' lang='lat' dir='ltr'>(quod</span> <span class='ocrx_word' id='word_1_246' title='bbox 1252 3054 1493 3106; x_wconf 88' lang='lat' dir='ltr'>dolenter</span> <span class='ocrx_word' id='word_1_247' title='bbox 1527 3055 1822 3118; x_wconf 86' lang='lat' dir='ltr'>referimus)</span> <span class='ocrx_word' id='word_1_248' title='bbox 1862 3056 2094 3122; x_wconf 88' lang='lat' dir='ltr'>inopiam</span> <span class='ocrx_word' id='word_1_249' title='bbox 2129 3056 2237 3119; x_wconf 83' lang='lat' dir='ltr'>jam</span> <span class='ocrx_word' id='word_1_250' title='bbox 2276 3053 2521 3121; x_wconf 86' lang='lat' dir='ltr'>pervenit</span> <span class='ocrx_word' id='word_1_251' title='bbox 2544 3053 2702 3120; x_wconf 89' lang='lat' dir='ltr'>quod,</span> 
     </span>
     <span class='ocr_line' id='line_1_27' title="bbox 417 3138 2700 3204; baseline -0 -16"><span class='ocrx_word' id='word_1_252' title='bbox 417 3140 520 3188; x_wconf 82' lang='lat' dir='ltr'>nisi</span> <span class='ocrx_word' id='word_1_253' title='bbox 554 3138 775 3190; x_wconf 86' lang='lat' dir='ltr'>celerius</span> <span class='ocrx_word' id='word_1_254' title='bbox 808 3139 975 3204; x_wconf 86' lang='lat' dir='ltr'>ipsius</span> <span class='ocrx_word' id='word_1_255' title='bbox 1010 3138 1325 3189; x_wconf 86' lang='lat' dir='ltr'>desolationi</span> <span class='ocrx_word' id='word_1_256' title='bbox 1360 3154 1454 3203; x_wconf 88' lang='lat' dir='ltr'>per</span> <span class='ocrx_word' id='word_1_257' title='bbox 1484 3140 1669 3204; x_wconf 80' lang='lat' dir='ltr'>Apost.</span> <span class='ocrx_word' id='word_1_258' title='bbox 1706 3138 2047 3190; x_wconf 81' lang='lat' dir='ltr'>liberalitatis</span> <span class='ocrx_word' id='word_1_259' title='bbox 2072 3138 2461 3203; x_wconf 83' lang='lat' dir='ltr'>providentiam</span> <span class='ocrx_word' id='word_1_260' title='bbox 2491 3153 2700 3187; x_wconf 89' lang='lat' dir='ltr'>succur-</span> 
     </span>
     <span class='ocr_line' id='line_1_28' title="bbox 422 3220 2703 3286; baseline -0.001 -14"><span class='ocrx_word' id='word_1_261' title='bbox 422 3227 587 3281; x_wconf 82' lang='lat' dir='ltr'>ratur,</span> <span class='ocrx_word' id='word_1_262' title='bbox 602 3238 707 3272; x_wconf 89' lang='lat' dir='ltr'>non</span> <span class='ocrx_word' id='word_1_263' title='bbox 723 3220 896 3272; x_wconf 92' lang='lat' dir='ltr'>solum</span> <span class='ocrx_word' id='word_1_264' title='bbox 911 3221 976 3272; x_wconf 91' lang='lat' dir='ltr'>de</span> <span class='ocrx_word' id='word_1_265' title='bbox 991 3221 1351 3272; x_wconf 87' lang='lat' dir='ltr'>subtractione</span> <span class='ocrx_word' id='word_1_266' title='bbox 1369 3221 1773 3273; x_wconf 86' lang='lat' dir='ltr'>elemosinarum</span> <span class='ocrx_word' id='word_1_267' title='bbox 1789 3226 1845 3272; x_wconf 90' lang='lat' dir='ltr'>et</span> <span class='ocrx_word' id='word_1_268' title='bbox 1862 3222 2085 3272; x_wconf 85' lang='lat' dir='ltr'>aliorum</span> <span class='ocrx_word' id='word_1_269' title='bbox 2101 3238 2316 3286; x_wconf 88' lang='lat' dir='ltr'>operum</span> <span class='ocrx_word' id='word_1_270' title='bbox 2332 3221 2573 3272; x_wconf 85' lang='lat' dir='ltr'>caritatis</span> <span class='ocrx_word' id='word_1_271' title='bbox 2585 3236 2703 3286; x_wconf 79' lang='lat' dir='ltr'>quae</span> 
     </span>
     <span class='ocr_line' id='line_1_29' title="bbox 421 3302 2704 3372; baseline -0.002 -16"><span class='ocrx_word' id='word_1_272' title='bbox 421 3304 620 3356; x_wconf 89' lang='lat' dir='ltr'>ibidem</span> <span class='ocrx_word' id='word_1_273' title='bbox 646 3303 758 3354; x_wconf 87' lang='lat' dir='ltr'>fieri</span> <span class='ocrx_word' id='word_1_274' title='bbox 783 3305 1167 3367; x_wconf 80' lang='lat' dir='ltr'>consueverint,</span> <span class='ocrx_word' id='word_1_275' title='bbox 1195 3303 1290 3355; x_wconf 87' lang='lat' dir='ltr'>sed</span> <span class='ocrx_word' id='word_1_276' title='bbox 1315 3304 1477 3354; x_wconf 88' lang='lat' dir='ltr'>etiam</span> <span class='ocrx_word' id='word_1_277' title='bbox 1497 3304 1563 3355; x_wconf 91' lang='lat' dir='ltr'>de</span> <span class='ocrx_word' id='word_1_278' title='bbox 1587 3304 1913 3372; x_wconf 86' lang='lat' dir='ltr'>dispersione</span> <span class='ocrx_word' id='word_1_279' title='bbox 1937 3304 2311 3355; x_wconf 85' lang='lat' dir='ltr'>monachorum</span> <span class='ocrx_word' id='word_1_280' title='bbox 2337 3302 2577 3368; x_wconf 84' lang='lat' dir='ltr'>ejusdem</span> <span class='ocrx_word' id='word_1_281' title='bbox 2601 3302 2704 3353; x_wconf 89' lang='lat' dir='ltr'>loci</span> 
     </span>
     <span class='ocr_line' id='line_1_30' title="bbox 422 3385 2705 3438; baseline -0.001 -1"><span class='ocrx_word' id='word_1_282' title='bbox 422 3387 783 3438; x_wconf 86' lang='lat' dir='ltr'>verisimiliter</span> <span class='ocrx_word' id='word_1_283' title='bbox 807 3386 1338 3437; x_wconf 66' lang='lat' dir='ltr'>formidatum—Nos</span> <span class='ocrx_word' id='word_1_284' title='bbox 1360 3387 1676 3438; x_wconf 89' lang='lat' dir='ltr'>dilectorum</span> <span class='ocrx_word' id='word_1_285' title='bbox 1696 3387 1846 3438; x_wconf 90' lang='lat' dir='ltr'>nobis</span> <span class='ocrx_word' id='word_1_286' title='bbox 1864 3387 1922 3437; x_wconf 88' lang='lat' dir='ltr'>in</span> <span class='ocrx_word' id='word_1_287' title='bbox 1941 3388 2053 3438; x_wconf 89' lang='lat' dir='ltr'>Deo</span> <span class='ocrx_word' id='word_1_288' title='bbox 2073 3386 2302 3437; x_wconf 88' lang='lat' dir='ltr'>Abbatis</span> <span class='ocrx_word' id='word_1_289' title='bbox 2320 3390 2377 3437; x_wconf 90' lang='lat' dir='ltr'>et</span> <span class='ocrx_word' id='word_1_290' title='bbox 2398 3385 2705 3436; x_wconf 85' lang='lat' dir='ltr'>Conventus</span> 
     </span>
     <span class='ocr_line' id='line_1_31' title="bbox 422 3469 2703 3536; baseline -0.001 -15"><span class='ocrx_word' id='word_1_291' title='bbox 422 3470 524 3521; x_wconf 92' lang='lat' dir='ltr'>loci</span> <span class='ocrx_word' id='word_1_292' title='bbox 555 3470 700 3521; x_wconf 87' lang='lat' dir='ltr'>illius</span> <span class='ocrx_word' id='word_1_293' title='bbox 738 3469 1038 3535; x_wconf 84' lang='lat' dir='ltr'>paupertati</span> <span class='ocrx_word' id='word_1_294' title='bbox 1070 3474 1126 3520; x_wconf 91' lang='lat' dir='ltr'>et</span> <span class='ocrx_word' id='word_1_295' title='bbox 1161 3469 1421 3536; x_wconf 74' lang='lat' dir='ltr'>angustiae</span> <span class='ocrx_word' id='word_1_296' title='bbox 1458 3470 1542 3536; x_wconf 88' lang='lat' dir='ltr'>pio</span> <span class='ocrx_word' id='word_1_297' title='bbox 1584 3470 1970 3535; x_wconf 87' lang='lat' dir='ltr'>compatientes</span> <span class='ocrx_word' id='word_1_298' title='bbox 2013 3470 2224 3531; x_wconf 85' lang='lat' dir='ltr'>affectu,</span> <span class='ocrx_word' id='word_1_299' title='bbox 2262 3469 2703 3535; x_wconf 83' lang='lat' dir='ltr'>advertentesque</span> 
     </span>
     <span class='ocr_line' id='line_1_32' title="bbox 422 3552 2699 3620; baseline -0.001 -16"><span class='ocrx_word' id='word_1_300' title='bbox 422 3554 656 3620; x_wconf 88' lang='lat' dir='ltr'>ipsorum</span> <span class='ocrx_word' id='word_1_301' title='bbox 688 3553 1074 3618; x_wconf 88' lang='lat' dir='ltr'>depressionem</span> <span class='ocrx_word' id='word_1_302' title='bbox 1110 3569 1203 3616; x_wconf 88' lang='lat' dir='ltr'>per</span> <span class='ocrx_word' id='word_1_303' title='bbox 1226 3553 1709 3619; x_wconf 84' lang='lat' dir='ltr'>appropriationem</span> <span class='ocrx_word' id='word_1_304' title='bbox 1742 3554 1973 3605; x_wconf 83' lang='lat' dir='ltr'>ecclesiae</span> <span class='ocrx_word' id='word_1_305' title='bbox 2017 3553 2083 3604; x_wconf 91' lang='lat' dir='ltr'>de</span> <span class='ocrx_word' id='word_1_306' title='bbox 2109 3553 2335 3615; x_wconf 88' lang='lat' dir='ltr'>Semare,</span> <span class='ocrx_word' id='word_1_307' title='bbox 2362 3552 2518 3604; x_wconf 78' lang='lat' dir='ltr'>dictoe</span> <span class='ocrx_word' id='word_1_308' title='bbox 2541 3552 2699 3603; x_wconf 89' lang='lat' dir='ltr'>Ebor.</span> 
     </span>
     <span class='ocr_line' id='line_1_33' title="bbox 423 3637 2703 3704; baseline 0 -17"><span class='ocrx_word' id='word_1_309' title='bbox 423 3638 576 3698; x_wconf 68' lang='lat' dir='ltr'>dioc„</span> <span class='ocrx_word' id='word_1_310' title='bbox 597 3653 714 3703; x_wconf 82' lang='lat' dir='ltr'>quae</span> <span class='ocrx_word' id='word_1_311' title='bbox 738 3637 806 3687; x_wconf 88' lang='lat' dir='ltr'>de</span> <span class='ocrx_word' id='word_1_312' title='bbox 829 3637 1062 3702; x_wconf 87' lang='lat' dir='ltr'>ipsorum</span> <span class='ocrx_word' id='word_1_313' title='bbox 1088 3642 1372 3702; x_wconf 82' lang='lat' dir='ltr'>patronatu</span> <span class='ocrx_word' id='word_1_314' title='bbox 1399 3638 1598 3699; x_wconf 85' lang='lat' dir='ltr'>existit,</span> <span class='ocrx_word' id='word_1_315' title='bbox 1624 3653 1776 3703; x_wconf 88' lang='lat' dir='ltr'>posse</span> <span class='ocrx_word' id='word_1_316' title='bbox 1801 3638 1857 3688; x_wconf 90' lang='lat' dir='ltr'>in</span> <span class='ocrx_word' id='word_1_317' title='bbox 1881 3638 2279 3704; x_wconf 73' lang='lat' dir='ltr'>praesentiarum</span> <span class='ocrx_word' id='word_1_318' title='bbox 2304 3637 2703 3689; x_wconf 81' lang='lat' dir='ltr'>convenientius</span> 
     </span>
     <span class='ocr_line' id='line_1_34' title="bbox 423 3712 2702 3788; baseline 0 -16"><span class='ocrx_word' id='word_1_319' title='bbox 423 3721 670 3788; x_wconf 85' lang='lat' dir='ltr'>reparari,</span> <span class='ocrx_word' id='word_1_320' title='bbox 697 3720 982 3772; x_wconf 88' lang='lat' dir='ltr'>Sanctitati</span> <span class='ocrx_word' id='word_1_321' title='bbox 1020 3725 1208 3772; x_wconf 77' lang='lat' dir='ltr'>vestrae</span> <span class='ocrx_word' id='word_1_322' title='bbox 1252 3722 1446 3771; x_wconf 82' lang='lat' dir='ltr'>devota</span> <span class='ocrx_word' id='word_1_323' title='bbox 1480 3722 1715 3787; x_wconf 88' lang='lat' dir='ltr'>precium</span> <span class='ocrx_word' id='word_1_324' title='bbox 1760 3721 2015 3773; x_wconf 89' lang='lat' dir='ltr'>instantia</span> <span class='ocrx_word' id='word_1_325' title='bbox 2047 3712 2404 3787; x_wconf 80' lang='lat' dir='ltr'>supplicamus</span> <span class='ocrx_word' id='word_1_326' title='bbox 2436 3727 2702 3788; x_wconf 82' lang='lat' dir='ltr'>quatenus</span> 
     </span>
     <span class='ocr_line' id='line_1_35' title="bbox 424 3803 2698 3872; baseline 0 -19"><span class='ocrx_word' id='word_1_327' title='bbox 424 3804 492 3854; x_wconf 83' lang='lat' dir='ltr'>ad</span> <span class='ocrx_word' id='word_1_328' title='bbox 526 3803 860 3854; x_wconf 80' lang='lat' dir='ltr'>relevandam</span> <span class='ocrx_word' id='word_1_329' title='bbox 895 3803 1132 3870; x_wconf 86' lang='lat' dir='ltr'>ipsorum</span> <span class='ocrx_word' id='word_1_330' title='bbox 1168 3804 1604 3871; x_wconf 87' lang='lat' dir='ltr'>supplicationem</span> <span class='ocrx_word' id='word_1_331' title='bbox 1638 3821 1812 3872; x_wconf 89' lang='lat' dir='ltr'>quam,</span> <span class='ocrx_word' id='word_1_332' title='bbox 1842 3810 1903 3855; x_wconf 88' lang='lat' dir='ltr'>ut</span> <span class='ocrx_word' id='word_1_333' title='bbox 1936 3809 2130 3855; x_wconf 83' lang='lat' dir='ltr'>nostrae</span> <span class='ocrx_word' id='word_1_334' title='bbox 2155 3805 2353 3856; x_wconf 87' lang='lat' dir='ltr'>mentis</span> <span class='ocrx_word' id='word_1_335' title='bbox 2376 3803 2698 3855; x_wconf 89' lang='lat' dir='ltr'>desiderium</span> 
     </span>
     <span class='ocr_line' id='line_1_36' title="bbox 423 3886 2703 3954; baseline -0.001 -17"><span class='ocrx_word' id='word_1_336' title='bbox 423 3886 630 3953; x_wconf 86' lang='lat' dir='ltr'>plenius</span> <span class='ocrx_word' id='word_1_337' title='bbox 666 3890 855 3937; x_wconf 72' lang='lat' dir='ltr'>vestras</span> <span class='ocrx_word' id='word_1_338' title='bbox 890 3886 1187 3937; x_wconf 68' lang='lat' dir='ltr'>clementiae</span> <span class='ocrx_word' id='word_1_339' title='bbox 1212 3888 1522 3951; x_wconf 86' lang='lat' dir='ltr'>innotescat,</span> <span class='ocrx_word' id='word_1_340' title='bbox 1550 3889 1773 3939; x_wconf 87' lang='lat' dir='ltr'>fecimus</span> <span class='ocrx_word' id='word_1_341' title='bbox 1798 3887 1902 3938; x_wconf 90' lang='lat' dir='ltr'>hiis</span> <span class='ocrx_word' id='word_1_342' title='bbox 1927 3886 2142 3947; x_wconf 90' lang='lat' dir='ltr'>includi,</span> <span class='ocrx_word' id='word_1_343' title='bbox 2173 3888 2399 3954; x_wconf 84' lang='lat' dir='ltr'>gratiam</span> <span class='ocrx_word' id='word_1_344' title='bbox 2425 3886 2703 3937; x_wconf 82' lang='lat' dir='ltr'>admittere</span> 
     </span>
     <span class='ocr_line' id='line_1_37' title="bbox 424 3968 2701 4037; baseline 0 -19"><span class='ocrx_word' id='word_1_345' title='bbox 424 3968 717 4036; x_wconf 88' lang='lat' dir='ltr'>dignemini</span> <span class='ocrx_word' id='word_1_346' title='bbox 749 3969 1014 4035; x_wconf 87' lang='lat' dir='ltr'>gratiose;</span> <span class='ocrx_word' id='word_1_347' title='bbox 1052 3985 1324 4035; x_wconf 84' lang='lat' dir='ltr'>speramus</span> <span class='ocrx_word' id='word_1_348' title='bbox 1357 3971 1553 4021; x_wconf 88' lang='lat' dir='ltr'>etenim</span> <span class='ocrx_word' id='word_1_349' title='bbox 1586 3971 1730 4037; x_wconf 89' lang='lat' dir='ltr'>quod</span> <span class='ocrx_word' id='word_1_350' title='bbox 1762 3970 1924 4021; x_wconf 90' lang='lat' dir='ltr'>iidem</span> <span class='ocrx_word' id='word_1_351' title='bbox 1949 3970 2216 4036; x_wconf 83' lang='lat' dir='ltr'>Religiosi,</span> <span class='ocrx_word' id='word_1_352' title='bbox 2243 3971 2335 4037; x_wconf 85' lang='lat' dir='ltr'>qui</span> <span class='ocrx_word' id='word_1_353' title='bbox 2361 3970 2474 4020; x_wconf 89' lang='lat' dir='ltr'>sine</span> <span class='ocrx_word' id='word_1_354' title='bbox 2500 3968 2701 4019; x_wconf 85' lang='lat' dir='ltr'>viribus</span> 
     </span>
     <span class='ocr_line' id='line_1_38' title="bbox 424 4051 2700 4120; baseline -0.001 -17"><span class='ocrx_word' id='word_1_355' title='bbox 424 4068 530 4103; x_wconf 89' lang='lat' dir='ltr'>non</span> <span class='ocrx_word' id='word_1_356' title='bbox 567 4051 825 4118; x_wconf 86' lang='lat' dir='ltr'>possunt”</span> <span class='ocrx_word' id='word_1_357' title='bbox 867 4052 980 4115; x_wconf 88' lang='lat' dir='ltr'>(the</span> <span class='ocrx_word' id='word_1_358' title='bbox 1023 4053 1242 4120; x_wconf 87' lang='lat' dir='ltr'>reading</span> <span class='ocrx_word' id='word_1_359' title='bbox 1285 4053 1410 4104; x_wconf 85' lang='lat' dir='ltr'>here</span> <span class='ocrx_word' id='word_1_360' title='bbox 1452 4054 1499 4104; x_wconf 90' lang='lat' dir='ltr'>is</span> <span class='ocrx_word' id='word_1_361' title='bbox 1532 4054 1736 4120; x_wconf 79' lang='lat' dir='ltr'>utterly</span> <span class='ocrx_word' id='word_1_362' title='bbox 1768 4059 2001 4120; x_wconf 89' lang='lat' dir='ltr'>corrupt,</span> <span class='ocrx_word' id='word_1_363' title='bbox 2037 4054 2196 4120; x_wconf 82' lang='lat' dir='ltr'>being</span> <span class='ocrx_word' id='word_1_364' title='bbox 2232 4053 2588 4118; x_wconf 63' lang='lat' dir='ltr'>“uljicerent,</span> <span class='ocrx_word' id='word_1_365' title='bbox 2623 4068 2700 4102; x_wconf 89' lang='lat' dir='ltr'>re·</span> 
     </span>
     <span class='ocr_line' id='line_1_39' title="bbox 424 4134 2703 4202; baseline -0.001 -17"><span class='ocrx_word' id='word_1_366' title='bbox 424 4134 706 4202; x_wconf 85' lang='lat' dir='ltr'>surgaut”)</span> <span class='ocrx_word' id='word_1_367' title='bbox 755 4134 875 4185; x_wconf 86' lang='lat' dir='ltr'>“de</span> <span class='ocrx_word' id='word_1_368' title='bbox 910 4134 1177 4186; x_wconf 87' lang='lat' dir='ltr'>fructibus</span> <span class='ocrx_word' id='word_1_369' title='bbox 1215 4136 1443 4186; x_wconf 80' lang='lat' dir='ltr'>ecclesiae</span> <span class='ocrx_word' id='word_1_370' title='bbox 1478 4136 1807 4201; x_wconf 75' lang='lat' dir='ltr'>supradictae,</span> <span class='ocrx_word' id='word_1_371' title='bbox 1839 4136 1931 4202; x_wconf 90' lang='lat' dir='ltr'>qui</span> <span class='ocrx_word' id='word_1_372' title='bbox 1976 4136 2205 4187; x_wconf 82' lang='lat' dir='ltr'>valorem</span> <span class='ocrx_word' id='word_1_373' title='bbox 2245 4151 2476 4186; x_wconf 84' lang='lat' dir='ltr'>annuum</span> <span class='ocrx_word' id='word_1_374' title='bbox 2513 4140 2703 4201; x_wconf 86' lang='lat' dir='ltr'>quater</span> 
     </span>
     <span class='ocr_line' id='line_1_40' title="bbox 424 4217 2703 4284; baseline 0.001 -19"><span class='ocrx_word' id='word_1_375' title='bbox 424 4217 615 4284; x_wconf 81' lang='lat' dir='ltr'>viginti</span> <span class='ocrx_word' id='word_1_376' title='bbox 653 4233 946 4267; x_wconf 83' lang='lat' dir='ltr'>marcarum</span> <span class='ocrx_word' id='word_1_377' title='bbox 982 4217 1356 4284; x_wconf 87' lang='lat' dir='ltr'>sterlingorum</span> <span class='ocrx_word' id='word_1_378' title='bbox 1390 4219 1547 4282; x_wconf 81' lang='lat' dir='ltr'>juxta</span> <span class='ocrx_word' id='word_1_379' title='bbox 1581 4219 1908 4269; x_wconf 83' lang='lat' dir='ltr'>taxationem</span> <span class='ocrx_word' id='word_1_380' title='bbox 1944 4219 2160 4269; x_wconf 83' lang='lat' dir='ltr'>‹lecimae</span> <span class='ocrx_word' id='word_1_381' title='bbox 2195 4235 2302 4268; x_wconf 89' lang='lat' dir='ltr'>non</span> <span class='ocrx_word' id='word_1_382' title='bbox 2334 4218 2614 4278; x_wconf 79' lang='lat' dir='ltr'>excedunt,</span> <span class='ocrx_word' id='word_1_383' title='bbox 2657 4217 2703 4268; x_wconf 89' lang='lat' dir='ltr'>si</span> 
     </span>
     <span class='ocr_line' id='line_1_41' title="bbox 424 4300 2702 4367; baseline 0 -16"><span class='ocrx_word' id='word_1_384' title='bbox 424 4317 514 4351; x_wconf 86' lang='lat' dir='ltr'>eos</span> <span class='ocrx_word' id='word_1_385' title='bbox 538 4300 591 4350; x_wconf 90' lang='lat' dir='ltr'>in</span> <span class='ocrx_word' id='word_1_386' title='bbox 621 4300 857 4366; x_wconf 83' lang='lat' dir='ltr'>proprios</span> <span class='ocrx_word' id='word_1_387' title='bbox 883 4317 1010 4351; x_wconf 87' lang='lat' dir='ltr'>usus</span> <span class='ocrx_word' id='word_1_388' title='bbox 1034 4301 1278 4367; x_wconf 88' lang='lat' dir='ltr'>Apostol.</span> <span class='ocrx_word' id='word_1_389' title='bbox 1308 4300 1627 4351; x_wconf 86' lang='lat' dir='ltr'>liberalitate</span> <span class='ocrx_word' id='word_1_390' title='bbox 1652 4300 2006 4351; x_wconf 86' lang='lat' dir='ltr'>concedatur”</span> <span class='ocrx_word' id='word_1_391' title='bbox 2035 4306 2289 4367; x_wconf 84' lang='lat' dir='ltr'>(corrupt)</span> <span class='ocrx_word' id='word_1_392' title='bbox 2320 4307 2355 4331; x_wconf 79' lang='lat'>‘⁴</span> <span class='ocrx_word' id='word_1_393' title='bbox 2372 4302 2553 4353; x_wconf 85' lang='lat' dir='ltr'>divino</span> <span class='ocrx_word' id='word_1_394' title='bbox 2578 4301 2702 4352; x_wconf 86' lang='lat' dir='ltr'>fulti</span> 
     </span>
     <span class='ocr_line' id='line_1_42' title="bbox 422 4383 2703 4451; baseline 0.001 -19"><span class='ocrx_word' id='word_1_395' title='bbox 422 4383 669 4451; x_wconf 77' lang='lat' dir='ltr'>praesidio</span> <span class='ocrx_word' id='word_1_396' title='bbox 705 4400 736 4433; x_wconf 97' lang='lat' dir='ltr'>a</span> <span class='ocrx_word' id='word_1_397' title='bbox 771 4387 926 4434; x_wconf 86' lang='lat' dir='ltr'>tanta</span> <span class='ocrx_word' id='word_1_398' title='bbox 961 4389 1211 4451; x_wconf 86' lang='lat' dir='ltr'>egestate,</span> <span class='ocrx_word' id='word_1_399' title='bbox 1250 4400 1495 4450; x_wconf 84' lang='lat' dir='ltr'>processu</span> <span class='ocrx_word' id='word_1_400' title='bbox 1532 4384 1797 4449; x_wconf 86' lang='lat' dir='ltr'>temporis,</span> <span class='ocrx_word' id='word_1_401' title='bbox 1825 4401 1881 4435; x_wconf 90' lang='lat' dir='ltr'>se</span> <span class='ocrx_word' id='word_1_402' title='bbox 1918 4389 2127 4447; x_wconf 82' lang='lat' dir='ltr'>exuent,</span> <span class='ocrx_word' id='word_1_403' title='bbox 2155 4390 2213 4437; x_wconf 90' lang='lat' dir='ltr'>et</span> <span class='ocrx_word' id='word_1_404' title='bbox 2243 4386 2605 4437; x_wconf 87' lang='lat' dir='ltr'>incumbentia</span> <span class='ocrx_word' id='word_1_405' title='bbox 2629 4386 2703 4436; x_wconf 88' lang='lat' dir='ltr'>eis</span> 
     </span>
     <span class='ocr_line' id='line_1_43' title="bbox 423 4467 2704 4537; baseline 0.001 -21"><span class='ocrx_word' id='word_1_406' title='bbox 423 4483 585 4516; x_wconf 88' lang='lat' dir='ltr'>onera</span> <span class='ocrx_word' id='word_1_407' title='bbox 621 4482 847 4533; x_wconf 86' lang='lat' dir='ltr'>congrue</span> <span class='ocrx_word' id='word_1_408' title='bbox 871 4467 1278 4533; x_wconf 86' lang='lat' dir='ltr'>supportabunt.</span> <span class='ocrx_word' id='word_1_409' title='bbox 1355 4468 1644 4519; x_wconf 81' lang='lat' dir='ltr'>Conservet</span> <span class='ocrx_word' id='word_1_410' title='bbox 1680 4471 1778 4517; x_wconf 89' lang='lat' dir='ltr'>etc.</span> <span class='ocrx_word' id='word_1_411' title='bbox 1857 4467 2054 4519; x_wconf 87' lang='lat' dir='ltr'>Datum</span> <span class='ocrx_word' id='word_1_412' title='bbox 2084 4469 2225 4535; x_wconf 86' lang='lat' dir='ltr'>apud</span> <span class='ocrx_word' id='word_1_413' title='bbox 2262 4470 2454 4537; x_wconf 65' lang='lat' dir='ltr'>Thon»,</span> <span class='ocrx_word' id='word_1_414' title='bbox 2493 4471 2584 4521; x_wconf 84' lang='lat' dir='ltr'>xix</span> <span class='ocrx_word' id='word_1_415' title='bbox 2618 4469 2704 4519; x_wconf 85' lang='lat' dir='ltr'>die</span> 
     </span>
     <span class='ocr_line' id='line_1_44' title="bbox 422 4548 627 4601; baseline -0.005 0"><span class='ocrx_word' id='word_1_416' title='bbox 422 4548 627 4601; x_wconf 82' lang='lat' dir='ltr'>Junii.”</span> 
     </span>
    </p>
   </div>
   <div class='ocr_carea' id='block_1_7' title="bbox 520 4647 2440 4700">
    <p class='ocr_par' dir='ltr' id='par_1_8' title="bbox 520 4647 2440 4700">
     <span class='ocr_line' id='line_1_45' title="bbox 520 4647 2440 4700; baseline 0.003 -5"><span class='ocrx_word' id='word_1_417' title='bbox 520 4648 657 4696; x_wconf 82' lang='lat' dir='ltr'>voL.</span> <span class='ocrx_word' id='word_1_418' title='bbox 689 4647 755 4697; x_wconf 89' lang='lat'>11.</span> <span class='ocrx_word' id='word_1_419' title='bbox 2418 4653 2440 4700; x_wconf 94' lang='lat'><strong>1</strong></span> 
     </span>
    </p>
   </div>
  </div>
 </body>
</html>
