3254 5140
642 636 766 694 490
1004 644 1551 698 CARTULARIUM
1586 642 1992 694 ABBATEIAE
2029 642 2129 692 DE
2163 639 2537 691 WHITEBY.

639 831 753 875 seu
804 831 995 875 causa
1045 817 1220 875 moto
1269 830 1384 875 seu
1434 808 1754 893 pendente
1807 827 2018 871 coram
2059 805 2264 881 nobiS,
2308 825 2420 869 seu
2464 804 2701 868 nostris
2749 823 2919 866 com-

640 911 970 987 missariis,
1042 931 1156 974 seu
1230 908 1683 992 subdelegatis‚
1753 906 2046 990 pluribus
2119 912 2235 968 aut
2308 924 2455 981 unc,
2529 904 2917 967 auctoritate

640 1011 1005 1075 litterarum
1055 1010 1458 1075 Sanctissimi
1505 1009 1575 1072 in
1625 1007 1880 1072 Christo
1925 1005 2135 1069 Patris
2197 1011 2262 1068 et
2305 1004 2458 1066 D'ni
2499 1004 2720 1078 nostri,
2760 1002 2914 1065 D’ni

644 1112 688 1173 J
690 1110 963 1174 ohannis
1016 1111 1209 1193 Papae
1268 1125 1448 1185 XXII„
1509 1108 1695 1171 nobis
1760 1106 2038 1181 directis,
2089 1124 2284 1187 super
2339 1103 2744 1168 concessione
2805 1122 2920 1183 per

648 1231 765 1273 nos
811 1209 1107 1273 facienda
1154 1209 1233 1272 de
1292 1207 1545 1292 paroch.
1605 1206 1756 1271 eccl.
1818 1206 1897 1269 de
1958 1205 2179 1269 Semar
2240 1204 2430 1267 dictae
2487 1208 2723 1266 nost-rae
2781 1201 2916 1263 dio-

647 1328 858 1372 ceseos
902 1308 973 1371 in
1030 1328 1240 1391 propr.
1300 1328 1457 1371 usus
1516 1307 1670 1371 dict.
1737 1305 1960 1389 Relig„
2018 1311 2211 1387 prout
2255 1303 2326 1367 in
2384 1303 2624 1367 eisdem
2682 1300 2916 1364 litteris

645 1407 936 1491 Apostol.
1013 1407 1271 1490 plenius
1352 1407 1767 1484 continetur3
1841 1412 1907 1469 et
1980 1405 2063 1467 ad
2138 1403 2535 1467 audiendum
2608 1400 2916 1484 quicquid

646 1508 1045 1583 canonicum,
1097 1507 1152 1570 si
1214 1506 1384 1589 quod
1439 1506 1542 1580 sit,
1597 1504 1771 1588 quod
1830 1504 1876 1568 ,J
1879 1504 2163 1567 ohannes
2218 1503 2298 1568 de
2346 1502 2695 1586 Wykham,
2744 1520 2919 1562 nunc

646 1609 879 1672 Rector
908 1607 1111 1690 ipsius
1142 1607 1313 1683 eccl.,
1344 1626 1696 1689 proponere
1725 1603 2024 1681 voluerit,
2054 1605 2108 1668 si
2155 1624 2274 1668 sua
2317 1604 2625 1667 interesse
2656 1608 2769 1665 aut
2798 1599 2922 1664 sibi

646 1707 949 1791 expedire
1008 1707 1368 1784 crediderit,
1421 1726 1618 1789 quare
1672 1704 1912 1768 dictam
1972 1704 2121 1768 eccl.
2173 1704 2461 1787 praefatis
2516 1702 2721 1785 Relig.
2774 1721 2918 1778 cqn·

647 1808 869 1872 cedere
922 1808 992 1871 in
1040 1827 1197 1872 usus
1248 1827 1478 1890 propr.,
1533 1813 1598 1870 et
1651 1804 1897 1868 dictum
1959 1803 2337 1867 mandatum
2387 1802 2680 1886 Apostol.
2735 1799 2924 1885 plene

646 1908 899 1991 exequi,
928 1907 1284 1972 secundum
1313 1905 1584 1970 formam
1616 1912 1683 1969 et
1726 1904 2027 1969 effectum
2074 1904 2225 1967 dict.
2259 1903 2383 1966 litt.
2416 1900 2706 1985 ApostoL
2738 1899 2923 1962 nobis

647 2007 1051 2085 directarum,
1104 2014 1169 2071 et
1219 2007 1276 2070 si
1321 2004 1523 2069 nichil
1569 2004 1950 2069 canonicum
1995 2002 2065 2066 in
2109 2002 2385 2067 termino
2433 2001 2559 2065 sibi
2603 2001 2924 2083 assignato

647 2128 998 2191 proponere
1027 2106 1322 2182 voluerit,
1350 2112 1464 2169 aut
1494 2127 1627 2169 non
1655 2106 2074 2189 proposuerit,
2105 2103 2187 2166 ad
2231 2101 2756 2187 praecludendum
2799 2098 2925 2162 sibi
2966 2089 2990 2102 ’

648 2207 822 2270 viam
853 2227 967 2271 seu
991 2206 1364 2271 facultatem
1409 2206 1758 2289 quicquam
1804 2205 1871 2267 in
1905 2203 2293 2268 contrarium
2338 2202 2409 2265 in
2455 2202 2625 2265 dicto
2670 2198 2925 2283 negotio

646 2305 1067 2390 proponendi,
1110 2327 1361 2370 necnon
1406 2305 1487 2368 ad
1532 2304 2048 2387 compellendum
2094 2301 2467 2385 hujusmodi
2510 2306 2727 2375 testeS,
2757 2300 2812 2362 si
2858 2318 2925 2362 se

649 2406 795 2469 odio
840 2411 954 2469 aut
998 2425 1209 2469 amore
1263 2405 1720 2479 subtraxerint,
1763 2402 2197 2486 prohibituros
2245 2422 2460 2465 coram
2511 2400 2695 2464 vobis
2742 2400 2924 2462 testi-

649 2503 938 2566 monium
977 2504 1239 2567 veritati
1282 2511 1348 2566 et
1391 2502 1472 2566 ad
1516 2502 1885 2566 faciendum
1931 2502 2148 2565 omnia
2190 2500 2318 2565 alia
2364 2521 2523 2585 quae,
2569 2498 2925 2563 secundum

649 2602 1029 2686 qualitatem
1059 2601 1216 2665 dicti
1244 2602 1503 2685 negotii,
1526 2603 1797 2665 formam
1829 2607 1895 2664 et
1915 2601 2051 2664 vim
2074 2600 2223 2664 dict.
2249 2600 2611 2664 litterarum
2633 2598 2923 2681 Apostol.

649 2700 1077 2783 requiruntur,
1108 2701 1308 2774 vobiS,
1341 2708 1614 2783 uterque
1646 2708 1936 2764 vestrum
1977 2720 2092 2783 per
2122 2719 2190 2762 se
2237 2699 2514 2775 divisim,
2546 2698 2925 2761 auctoritate

649 2800 796 2864 dict.
829 2800 951 2863 litt.
984 2802 1209 2883 Apost.
1242 2801 1428 2864 nobis
1460 2800 1754 2884 deligata,
1785 2821 1899 2864 seu
1943 2800 2012 2863 in
2057 2800 2404 2883 praemissis
2444 2796 2926 2882 quomodolibet

650 2899 978 2976 attributa,
1032 2899 1494 2963 committimus
1547 2900 1722 2964 vices
1763 2900 1950 2983 (151)
2002 2908 2271 2974 nostras,
2333 2919 2481 2962 cum
2533 2896 2924 2962 cohercionis

650 2999 973 3062 canonicae
1024 3004 1362 3080 potestate,
1408 2998 1608 3062 donec
1656 3018 1762 3062 eos
1807 2998 1890 3061 ad
1939 3019 2054 3062 nos
2099 2998 2473 3061 duxerimus
2518 2993 2926 3072 revocandas,

654 3096 1001 3161 diffinitiva
1031 3098 1370 3175 sententia,
1401 3118 1514 3162 seu
1544 3099 1750 3183 ipsius
1794 3099 2038 3183 negotii
2067 3097 2469 3173 diffinitione,
2501 3096 2928 3172 concessione,

652 3206 718 3262 et
790 3198 1325 3282 appropriatione,
1384 3198 1465 3263 de
1522 3199 1759 3282 quibus
1818 3200 1889 3261 in
1941 3198 2182 3262 eisdem
2240 3196 2474 3261 litteris
2532 3197 2607 3260 fit
2666 3196 2929 3273 mentio,

652 3298 976 3362 nobismet
1023 3299 1181 3382 ipsis
1235 3298 1599 3382 specialiter
1657 3298 2011 3363 reservatis.
2119 3298 2205 3360 Et
2257 3298 2619 3362 certificetis
2679 3317 2796 3360 nos
2848 3297 2925 3361 de

651 3397 827 3462 omni
881 3418 955 3461 eo
1007 3398 1180 3480 quod
1233 3399 1511 3462 feceritis
1573 3398 2095 3462 attestationibus
2159 3396 2479 3461 dictorum
2531 3397 2813 3473 testium,
2862 3404 2928 3460 et

650 3504 864 3562 vestro
924 3518 1219 3581 processu
1275 3518 1468 3582 super
1518 3499 1865 3582 praemissis
1917 3518 2031 3581 per
2078 3505 2325 3561 vestras
2378 3497 2644 3573 litteras,
2695 3497 2926 3560 horum

651 3597 881 3661 seriem
930 3604 995 3661 et
1040 3605 1329 3661 vestrum
1375 3618 1742 3680 processum
1791 3598 2212 3674 continentes
2271 3598 2521 3673 vestriS,
2573 3604 2687 3660 aut
2733 3599 2926 3660 unius

652 3703 956 3772 vestrum,
1017 3696 1249 3780 sigillis
1311 3705 1425 3760 aut
1483 3696 1716 3781 sigillo,
1776 3697 2074 3781 signatas.
2183 3699 2431 3761 Datum
2489 3696 2662 3780 apud
2713 3697 2926 3779 Thorp

650 3818 846 3882 prope
905 3798 1111 3874 Ebor.,
1169 3796 1242 3859 iii
1304 3797 1400 3862 Id.
1455 3798 1770 3875 OctobriS,
1819 3798 2070 3862 circiter
2113 3797 2332 3861 horam
2383 3818 2636 3873 nonam,
2688 3797 2768 3860 Α.
2819 3796 2926 3860 Gr.

649 3897 996 3962 millesimo
1016 3905 1197 3961 cccm⁰
1214 3897 1519 3962 vicesimo
1543 3899 1753 3976 tertio,
1776 3904 1842 3962 et
1861 3899 2283 3962 Pontificatus
2312 3899 2513 3961 nostri
2533 3897 2804 3980 septimo
2827 3921 2926 3960 :—

651 3998 751 4062 Ac
782 4019 897 4082 per
939 3998 1115 4081 ipsos
1160 3998 1560 4081 conjunctim
1603 3998 1877 4081 receptis
1922 4003 1989 4062 et
2025 3998 2274 4081 juratis,
2320 4003 2387 4062 et
2429 4018 2544 4081 per
2587 3998 2926 4080 praefatum

655 4098 1044 4183 Magistrum
1102 4098 1147 4162 J
1151 4098 1473 4163 ohannem
1547 4098 1809 4162 divisim
1871 4097 2274 4173 examinatis,
2333 4117 2407 4160 ac
2465 4097 2929 4180 subsequenter

654 4219 874 4262 eorum
948 4197 1137 4261 dictis
1212 4203 1277 4261 et
1358 4199 1881 4262 attestationibus
1979 4197 2343 4280 publicatis,
2422 4196 2925 4280 renunciatoque

655 4318 952 4382 expresse
982 4318 1096 4380 per
1139 4296 1391 4361 dictum
1421 4298 1757 4362 Rectorem
1803 4297 2109 4381 quatinus
2156 4297 2304 4361 dict.
2337 4298 2668 4381 negotium
2711 4297 2924 4380 ipsum

655 4398 1022 4481 contingere
1051 4404 1269 4480 posset
1300 4396 1379 4460 de
1409 4396 1683 4461 dicendo
1714 4398 1784 4460 in
1814 4404 2009 4459 testes
2039 4403 2153 4459 aut
2182 4416 2401 4460 eorum
2432 4397 2606 4460 dicta
2636 4404 2702 4460 et
2731 4397 2927 4461 etiam

653 4497 723 4561 in
755 4497 923 4561 facto
954 4501 1177 4559 contra
1206 4495 1552 4580 praemissa,
1570 4495 1651 4559 de
1669 4496 1905 4579 quibus
1927 4495 2226 4558 omnibus
2256 4503 2323 4559 et
2345 4495 2616 4580 singulis
2639 4496 2927 4579 plenarie

654 4596 989 4663 certificati
1034 4615 1275 4673 sumus,
1321 4603 1387 4660 et
1430 4596 1511 4660 de
1555 4595 1798 4661 eisdem
1842 4595 2027 4660 nobis
2072 4601 2339 4672 constat,
2383 4616 2456 4659 ac
2494 4596 2659 4679 juris
2705 4596 2929 4659 ordine
