3254 5140
607 585 727 642 744
971 594 1516 648 CARTULARIUM
1556 593 1961 647 ABBATHIAE
1998 593 2096 644 DE
2140 591 2515 643 WHITEBY.

604 779 754 823 mes,
787 759 923 824 sive
953 766 1081 824 ten.
1114 761 1359 843 (xxxiii
1378 782 1426 825 6.
1460 762 1558 826 1111
1578 759 1667 843 d.)
1699 779 1848 824 cum
1879 762 2059 841 pert„
2088 765 2154 822 et
2184 757 2232 820 ii
2262 756 2457 821 olaus,
2489 775 2627 819 voc.
2657 752 2890 818 Halfe-

606 858 1134 942 the-Fayrehede,
1164 880 1313 924 oum
1356 867 1494 924 toto
1538 860 1601 924 le
1646 858 1845 923 Intak
1875 857 2084 922 eidem
2127 856 2359 941 pertin.
2391 857 2476 921 11).
2507 875 2622 939 per
2650 874 2687 918 a
2734 851 2896 918 solv,

606 963 673 1020 et
702 957 795 1022 sic
826 957 1068 1022 dimiss.
1101 959 1148 1022 J
1149 959 1250 1023 oh.
1282 958 1446 1024 Dale
1477 979 1590 1043 per
1619 978 1845 1023 comm.
1878 957 2011 1040 sig„
2042 961 2118 1019 ut
2146 955 2400 1033 dicitur,
2430 975 2578 1020 cum
2607 954 2677 1016 vi
2694 974 2743 1019 s.
2773 972 2896 1035 pro

605 1056 874 1121 decimis
902 1078 1246 1141 granorum
1277 1064 1345 1122 et
1372 1058 1507 1122 feni
1529 1057 1950 1122 crescentium
1975 1056 2145 1119 infra
2167 1055 2493 1120 clausuras
2516 1053 2858 1137 praedictas
2883 1076 2896 1114 :

608 1164 675 1220 et
718 1155 797 1221 de
843 1158 1045 1222 xxiis.
1095 1157 1176 1221 de
1218 1178 1263 1222 r.
1310 1158 1335 1221 i
1374 1165 1503 1222 ten.
1548 1178 1683 1221 voc.
1730 1155 1966 1239 Carley
2012 1156 2255 1230 House,
2294 1175 2444 1218 cum
2474 1154 2497 1217 i
2526 1154 2722 1217 olaus,
2752 1172 2891 1214 voc.

607 1256 742 1338 Ley
785 1257 963 1333 Feld,
1010 1258 1383 1321 continente
1433 1277 1549 1340 per
1592 1256 1819 1320 aestim.
1868 1256 1918 1318 ii
1961 1275 2157 1330 acras,
2204 1254 2331 1318 alio
2375 1254 2592 1318 clauso
2639 1272 2775 1316 voc.
2828 1251 2895 1315 le

611 1355 755 1417 Rak
796 1362 960 1420 cont.
991 1376 1106 1439 per
1135 1360 1264 1419 aest.
1296 1356 1344 1418 ii
1374 1375 1572 1431 acras,
1600 1354 1729 1418 alio
1759 1354 1954 1418 clane.
1977 1374 2112 1417 voc.
2135 1353 2198 1416 16
2218 1353 2406 1436 Ynge
2430 1357 2595 1416 cont.
2619 1370 2734 1434 per
2756 1356 2893 1414 aest.

608 1452 657 1515 ii
700 1474 895 1531 acras,
939 1454 1066 1518 alio
1110 1454 1303 1518 olaus.
1349 1475 1484 1518 voc.
1531 1454 1676 1517 Rak
1722 1454 1904 1517 Hine
1949 1460 2115 1517 cont.
2148 1473 2263 1536 per
2291 1458 2423 1515 sest.
2456 1452 2505 1514 ii
2535 1471 2734 1527 acras,
2761 1449 2894 1513 alio

609 1552 803 1616 olaus.
848 1573 980 1616 voc.
1028 1554 1223 1618 Rawe
1271 1552 1454 1618 Oroft
1496 1561 1663 1617 cont.
1709 1572 1824 1636 per
1867 1559 2000 1617 sest.
2031 1553 2080 1616 ii
2125 1571 2321 1627 acras,
2350 1551 2476 1614 alio
2506 1550 2724 1614 clauso
2752 1570 2893 1613 voc.

606 1652 669 1715 le
721 1651 933 1716 Welle
978 1651 1165 1716 Close
1209 1657 1325 1717 etc.
1371 1652 1420 1716 ii
1451 1673 1647 1730 acras,
1678 1653 1807 1716 alio
1852 1652 2070 1716 clauso
2099 1671 2234 1714 voc.
2267 1651 2483 1735 Lange
2527 1650 2738 1713 Parke
2767 1657 2894 1714 etc.

609 1751 632 1811 1
691 1769 920 1826 acram,
968 1750 1187 1814 dimid.
1237 1751 1364 1815 alio
1424 1751 1642 1816 clauso
1701 1772 1839 1816 voc.
1900 1749 2275 1833 Mylnedale
2334 1756 2452 1813 etc.
2499 1749 2546 1812 ii
2590 1769 2787 1824 acras,
2841 1749 2893 1811 ii

610 1849 825 1932 parvis
870 1850 1092 1915 croftis
1135 1871 1269 1915 voc.
1317 1850 1735 1935 Cotegarthes
1781 1858 1898 1915 etc.
1944 1850 2016 1913 iii
2063 1869 2258 1924 acras,
2301 1849 2429 1913 alio
2480 1848 2699 1913 clauso
2750 1868 2892 1912 voc.

615 1948 839 2032 Lynde
885 1949 1154 2014 Holmes
1199 1955 1316 2015 etc.
1361 1949 1435 2012 iii
1480 1970 1657 2014 acras
1701 1948 1927 2031 plenas
1973 1948 2166 2023 bosci,
2211 1954 2277 2011 et
2320 1947 2447 2011 alio
2492 1946 2708 2011 clauso
2751 1967 2891 2010 voc.

613 2048 835 2132 Myres
879 2056 995 2113 etc.
1041 2050 1065 2113 i
1110 2070 1342 2126 acram,
1385 2070 1534 2114 oum
1579 2056 1739 2132 pert.
1785 2050 1868 2112 ib.
1901 2053 2018 2113 eto.
2065 2046 2242 2110 Win.
2287 2047 2592 2131 Postgate
2634 2067 2749 2130 per
2790 2046 2895 2110 in-

614 2147 972 2226 denturam,
1015 2156 1093 2213 ut
1137 2149 1407 2213 dicitur:
1452 2157 1518 2213 et
1561 2148 1641 2213 de
1683 2148 1798 2212 iis.
1845 2147 1925 2212 de
1953 2169 2001 2214 r.
2034 2146 2059 2210 i
2104 2147 2307 2212 clausi
2351 2168 2557 2231 nuper
2600 2147 2679 2211 de
2708 2153 2896 2210 vasto

613 2247 745 2311 d'ni
788 2248 1023 2313 inclusi
1068 2269 1202 2312 voc.
1248 2248 1309 2312 16
1355 2249 1572 2325 Intak‚
1616 2252 1783 2312 cont.
1829 2268 1946 2331 per
1974 2253 2105 2312 aest.
2140 2248 2163 2311 i
2207 2267 2418 2313 acram
2465 2248 2548 2311 11).
2580 2251 2697 2311 eto.
2729 2247 2892 2310 dicti

615 2345 791 2410 Will.
824 2349 1123 2432 Postgate
1169 2347 1230 2412 h.
1266 2369 1318 2412 a.
1343 2372 1357 2411 ε
1402 2356 1469 2412 et
1497 2346 1578 2412 de
1609 2347 1767 2410 xxvi
1787 2367 1835 2411 s.
1865 2346 1984 2409 viii
2004 2346 2060 2410 (1.
2094 2347 2173 2412 (16
2202 2368 2248 2409 r.
2280 2347 2305 2409 i
2335 2354 2461 2410 ten.
2496 2349 2611 2431 (xx
2632 2347 2710 2428 s.)
2739 2367 2891 2410 oum

612 2453 772 2527 pert.
818 2447 888 2509 in
937 2447 1256 2530 Sleightes
1300 2455 1366 2511 et
1408 2447 1432 2511 1
1478 2447 1674 2512 olaus.
1720 2447 1817 2530 (vi
1840 2468 1885 2510 s.
1933 2447 2047 2510 viii
2074 2446 2163 2527 d.)
2208 2467 2343 2511 voc.
2394 2446 2648 2510 Lasand
2702 2445 2894 2510 Close

612 2544 697 2608 11).
743 2552 859 2609 etc.
906 2545 1083 2610 will.
1130 2546 1432 2630 Postgate
1476 2546 1556 2611 de
1602 2546 1921 2631 Sleightes
1963 2566 2078 2630 per
2106 2566 2240 2631 cop.
2273 2547 2484 2624 curiae,
2518 2553 2595 2610 ut
2636 2546 2893 2622 dicitur,

617 2662 764 2708 cum
809 2644 953 2709 vid.
984 2665 1099 2727 pro
1142 2646 1348 2728 pretio
1392 2647 1601 2729 operis
1645 2647 1841 2710 unius
1888 2646 2016 2711 diei
2045 2666 2194 2710 cum
2225 2648 2469 2711 carneis
2501 2647 2671 2710 suis:
2716 2656 2784 2711 et
2811 2647 2894 2710 de

616 2841 970 2925 Chapman‚
1013 2864 1127 2927 per
1170 2865 1303 2928 cop.
1351 2845 1561 2923 curiae,
1590 2851 1668 2909 ut
1711 2846 1965 2922 dicitur,
2009 2867 2157 2910 cum
2187 2847 2254 2910 vi
2272 2847 2331 2910 d.
2364 2867 2478 2930 pro
2507 2866 2599 2929 pr.
2631 2847 2839 2930 operis
2870 2848 2894 2909 i

618 2941 748 3006 diei
777 2962 927 3007 cum
956 2945 1235 3009 carucis:
1283 2951 1350 3009 et
1378 2945 1458 3010 de
1488 2946 1598 3009 xiv
1619 2966 1667 3011 s.
1699 2946 1779 3010 de
1807 2966 1853 3010 r.
1885 2946 1911 3010 1
1940 2966 2092 3011 mes.
2126 2967 2274 3010 cum
2303 2947 2468 3010 tofto
2497 2954 2613 3011 etc.
2644 2967 2693 3011 r.
2724 2952 2791 3011 et
2819 2948 2893 3010 iii

619 3043 932 3108 clausuris
977 3065 1125 3109 cum
1154 3044 1376 3128 matie,
1405 3046 1685 3130 pasturis
1717 3052 1782 3109 et
1812 3046 2195 3109 communiis
2227 3045 2434 3111 eidem
2463 3053 2622 3130 pert.
2653 3047 2736 3112 11).
2771 3054 2891 3111 etc.

619 3143 769 3207 Geo.
817 3145 999 3210 Hille
1043 3165 1157 3229 per
1184 3166 1317 3229 cop.
1351 3147 1544 3210 curiae
1590 3152 1667 3209 ut
1696 3145 1952 3222 dicitur,
1982 3167 2130 3210 cum
2173 3146 2243 3209 vi
2261 3146 2318 3209 d.
2352 3151 2469 3211 etc.
2504 3144 2604 3232 [ut
2630 3147 2854 3231 supra]
2880 3172 2895 3211 ε

619 3250 685 3306 et
728 3243 808 3308 de
839 3246 976 3308 xxii
995 3266 1040 3309 s.
1073 3245 1171 3308 iiii
1190 3247 1246 3309 (1.
1280 3246 1359 3310 (16
1388 3268 1434 3309 r.
1468 3246 1492 3308 i
1522 3252 1649 3310 ten.
1683 3246 1800 3328 (xx
1823 3247 1900 3329 6.)
1946 3253 2013 3310 et
2041 3247 2066 3309 i
2095 3245 2298 3310 clausi
2328 3245 2405 3329 (ii
2435 3266 2481 3309 6.
2516 3246 2613 3309 1111
2637 3247 2726 3328 (1.)
2756 3266 2890 3310 voc.

620 3343 682 3406 16
734 3344 800 3406 N
803 3365 934 3409 ewe
994 3345 1210 3422 Intak,
1264 3367 1412 3410 cum
1472 3366 1641 3410 omn.
1691 3353 1758 3410 et
1815 3346 1972 3430 sing.
2026 3345 2160 3409 suis
2213 3352 2390 3429 pert„
2439 3346 2523 3410 11).
2573 3354 2688 3410 etc.
2733 3346 2889 3409 Rob.

620 3442 1018 3507 Richardson
1063 3444 1123 3507 h.
1156 3466 1247 3508 a.:
1286 3451 1352 3509 et
1382 3445 1461 3509 de
1491 3466 1579 3508 xv
1598 3466 1645 3509 6.
1678 3444 1725 3507 11
1745 3445 1801 3508 (1.
1835 3444 1916 3508 (16
1945 3465 1990 3508 r.
2024 3445 2048 3507 i
2088 3452 2214 3508 ten.
2248 3445 2392 3528 (viii
2412 3465 2457 3509 s.
2488 3446 2666 3527 vid.)
2696 3446 2765 3507 in
2795 3444 2892 3507 lez

620 3541 939 3624 Sleightes
980 3563 1128 3605 cum
1168 3549 1325 3626 pert.
1359 3549 1424 3607 et
1452 3544 1475 3606 i
1506 3544 1702 3608 olaus.
1737 3544 1832 3627 (vi
1852 3563 1897 3607 6.
1931 3544 2047 3608 viii
2065 3543 2154 3624 d.)
2184 3564 2304 3608 voc
2335 3544 2559 3608 Lasam
2594 3544 2797 3621 Close‚
2828 3552 2895 3609 et

619 3640 874 3704 mediet.
927 3641 1214 3724 ejusdem
1272 3643 1559 3725 piscariae
1610 3664 1743 3706 voc.
1794 3643 1856 3707 16
1908 3643 2062 3707 Fish
2116 3642 2386 3708 Hekkes
2439 3644 2520 3708 11).
2575 3652 2691 3708 etc.
2741 3645 2894 3708 Tho.

621 3740 955 3823 Chapman
985 3761 1100 3824 per
1127 3761 1260 3825 cop.
1293 3743 1503 3818 ouriae,
1531 3750 1608 3807 ut
1637 3743 1890 3819 dicitur,
1921 3763 2069 3806 cum
2091 3742 2166 3806 iii
2187 3764 2305 3826 pro
2327 3763 2417 3826 pr.
2443 3743 2661 3807 dimid.
2688 3746 2895 3827 operis

619 3840 815 3903 unius
859 3839 989 3904 diei
1034 3861 1183 3904 cum
1227 3843 1506 3906 carucis:
1549 3850 1617 3906 et
1661 3843 1740 3906 de
1786 3863 1873 3905 xx
1894 3862 1939 3907 s.
1987 3843 2069 3906 de
2115 3863 2161 3906 r.
2197 3842 2222 3905 i
2252 3847 2483 3907 tenem.
2517 3843 2586 3905 in
2616 3841 2896 3909 Eskdale
2956 3916 2959 3917 ⁷

620 3960 768 4003 cum
814 3944 970 4022 pert.
1001 3941 1083 4003 ib.
1117 3947 1232 4005 etc.
1266 3941 1605 4006 Percivalli
1651 3942 1817 4006 Dale
1846 3962 1962 4025 per
1990 3962 2124 4025 cop.
2157 3943 2367 4019 curiae,
2411 3949 2488 4006 ut
2517 3942 2788 4007 dicitur:
2832 3950 2899 4008 et

622 4039 701 4102 de
745 4039 875 4103 vis.
923 4039 1040 4102 viii
1060 4040 1116 4102 d.
1165 4039 1245 4103 de
1288 4061 1332 4103 r.
1381 4041 1401 4103 i
1450 4061 1598 4104 mes.
1633 4040 1771 4104 sive
1801 4046 1919 4104 cot.
1954 4061 2101 4104 cum
2133 4040 2368 4104 clausis
2397 4041 2465 4103 in
2498 4040 2899 4107 Ebornedale

692 4213 711 4247 ¹
748 4214 862 4265 The
885 4214 1127 4265 addition
1152 4215 1209 4265 of
1230 4215 1325 4266 the
1344 4215 1529 4266 article
1553 4220 1611 4266 to
1636 4215 1747 4268 this
1771 4232 1925 4266 name
1949 4216 2127 4267 leaves
2150 4215 2291 4267 little
2311 4231 2373 4266 or
2390 4231 2457 4265 no
2477 4213 2647 4265 doubt
2664 4214 2788 4265 that
2804 4215 2900 4267 the

620 4297 916 4349 derivation
955 4299 1012 4348 of
1045 4300 1093 4349 it
1127 4299 1263 4350 from
1298 4298 1394 4349 the
1417 4315 1559 4349 same
1585 4315 1769 4350 source
1792 4315 1851 4350 as
1875 4298 2144 4349 furnishes
2168 4299 2261 4350 the
2286 4298 2422 4349 local
2447 4314 2506 4348 or
2529 4297 2728 4349 dialect
2748 4299 2898 4349 word

617 4386 788 4440 sucht
811 4403 862 4423 ==
885 4381 1110 4443 smooth‚
1138 4381 1301 4442 sleek‚
1327 4381 1374 4432 16
1411 4382 1505 4432 the
1541 4386 1663 4434 true
1689 4399 1802 4435 one.
1877 4382 1989 4433 The
2013 4383 2242 4434 German
2268 4382 2495 4443 echloeht,
2528 4380 2707 4431 Dutch
2731 4382 2898 4443 eleekt,

617 4461 848 4523 smooth,
874 4462 1035 4527 plain,
1061 4463 1214 4525 level,
1240 4480 1329 4515 are
1354 4465 1568 4516 neither
1590 4466 1647 4515 of
1669 4465 1820 4516 them
1845 4465 1928 4516 far
1952 4466 2201 4517 removed
2222 4466 2278 4516 in
2302 4464 2442 4516 form
2467 4480 2597 4515 even
2623 4463 2758 4514 from
2783 4464 2895 4515 this

614 4544 942 4610 place-name
966 4546 1022 4595 in
1051 4546 1119 4596 its
1145 4546 1293 4597 older
1320 4547 1737 4613 orthographies.
