3254 5140
746 597 1293 651 CARTULARIUM
1329 598 1734 650 ABBATHIAE
1772 599 1870 649 DE
1903 599 2280 651 WHITEBY.
2546 588 2668 647 659
2748 594 2754 600 ’

392 781 674 845 praesens
718 761 788 825 in
824 762 1033 828 officio
1063 761 1432 827 vicariatus
1475 761 1769 846 praedicti
1812 762 2074 838 utimur,
2113 762 2542 846 praesentibus
2573 769 2673 826 est

390 880 762 944 appensum.
836 862 1085 925 Datum
1115 861 1303 926 Ebor.
1335 861 1460 939 die,
1489 880 1731 938 mense,
1754 861 1894 925 loco
1917 866 1984 925 et
2005 861 2170 925 A.D.
2203 861 2674 944 suprascriptis,

479 960 563 1024 In
619 960 747 1026 Dei
798 960 1079 1037 nomine,
1129 960 1361 1024 Amen.
1471 960 1667 1025 Anno
1727 961 1808 1025 ab
1870 960 2325 1024 Incarnatione
2383 961 2674 1043 ejusdem

389 1058 745 1122 secundum
818 1078 1077 1122 cursum
1151 1063 1217 1122 et
1289 1058 1840 1141 computationem
1920 1058 2228 1123 Ecclesiae
2298 1058 2673 1140 Anglicanae

393 1155 965 1234 M0000m01xx0iiiit0,
1012 1157 1381 1222 Indictione
1431 1157 1600 1221 xiim*
1651 1157 2079 1221 Pontificatus
2140 1157 2548 1222 Sanctissimi
2599 1157 2670 1219 in

395 1253 652 1320 Christo
699 1256 901 1339 patris
960 1261 1029 1321 et
1074 1256 1207 1320 d’ni
1253 1257 1476 1333 nostri,
1520 1257 1678 1321 D’ni
1724 1257 2037 1341 Gregorii,
2090 1256 2218 1320 div.
2264 1255 2674 1340 providentia

394 1353 601 1437 Papae,
630 1354 990 1432 undecima,
1018 1355 1110 1418 ΑΟ
1154 1361 1402 1439 quarte,
1433 1376 1655 1420 mense
1684 1357 1729 1421 J
1735 1356 1894 1433 unii,
1930 1356 2035 1420 die
2066 1356 2378 1420 vicesima
2421 1361 2670 1438 quarta,

393 1451 512 1516 viz.
554 1451 659 1515 die
704 1452 765 1517 S.
796 1452 843 1516 J
846 1452 1120 1518 ohannis
1165 1454 1498 1538 Baptistae,
1538 1454 1709 1519 infra
1750 1454 2067 1538 capellam
2116 1455 2176 1519 S.
2221 1453 2456 1518 Jacobi
2501 1454 2673 1517 infra

395 1549 696 1628 London’,
727 1551 993 1635 Capella
1022 1552 1101 1616 de
1136 1552 1201 1616 la
1246 1553 1626 1637 Hermitage
1657 1552 1943 1636 vulgarie
1988 1558 2386 1636 nuncupata,
2429 1552 2500 1615 in
2541 1552 2672 1616 mei

394 1649 631 1713 notarii
673 1650 1021 1734 subscripti
1051 1656 1118 1715 et
1156 1652 1424 1715 testium
1468 1652 1976 1736 subscriptorum
2018 1652 2363 1736 praesentia
2405 1652 2670 1735 quidam

394 1748 755 1831 Religiosus
776 1749 895 1826 vir,
917 1750 1126 1814 D'nus
1155 1749 1509 1827 Johannes,
1532 1751 1605 1814 in
1632 1751 1954 1817 Abbatem
1985 1751 2215 1816 Mon’ii
2238 1751 2318 1815 de
2341 1750 2670 1834 Whiteby,

395 1847 656 1912 Ordinis
706 1848 767 1912 S.
817 1848 1173 1925 Benedicti,
1220 1849 1407 1914 Ebor.
1444 1850 1647 1927 Dioc.,
1688 1855 1763 1913 ut
1810 1850 2102 1927 asseruit,
2154 1849 2416 1927 electus,
2457 1870 2672 1914 coram

393 1944 769 2010 Venerabili
810 1951 996 2031 patre
1031 1954 1099 2011 et
1131 1947 1319 2026 D’n0,
1360 1948 1407 2012 J
1411 1947 1682 2024 ohanne,
1711 1948 2131 2031 permissione
2176 1947 2304 2012 div.
2336 1947 2672 2031 Aybonen’

393 2043 727 2128 Episcop0,
785 2046 1204 2129 personaliter
1276 2046 1695 2122 constitutuS,
1755 2046 2069 2129 quasdam
2141 2046 2672 2111 litteras—videl.

394 2163 594 2207 unam
653 2143 939 2208 clausam
991 2144 1303 2209 Venerab.
1363 2144 1567 2228 patris
1624 2143 1958 2227 impressO,
2016 2149 2082 2208 et
2139 2144 2335 2208 aliam
2385 2143 2673 2209 litteram

392 2247 723 2326 patentem
752 2243 1159 2307 Venerabilis
1203 2244 1405 2327 patris
1450 2248 1517 2306 et
1560 2242 1711 2318 d'ni,
1754 2244 1912 2307 D'ni
1947 2242 2269 2326 Symonis,
2296 2263 2498 2326 perm.
2541 2242 2673 2309 div.

392 2341 700 2426 Episcopi
743 2342 1204 2419 LondonensiS,
1234 2331 1514 2425 quodam
1558 2341 1772 2426 sigillo
1817 2342 2092 2427 oblongo
2121 2342 2327 2425 ipsius
2357 2343 2491 2406 d'ni
2528 2343 2673 2426 Ep'i

392 2441 465 2503 in
517 2461 661 2505 cera
710 2440 904 2503 viridi
964 2441 1366 2524 impendenti
1418 2460 1720 2524 appenso,
1779 2446 1856 2505 ut
1914 2441 2231 2524 apparuit,
2289 2440 2673 2525 singillatim

394 2538 604 2604 eidem
663 2539 975 2605 Venerab.
1035 2539 1223 2623 patri,
1283 2538 1430 2604 d’no
1488 2540 1648 2624 Ep'o
1705 2540 2061 2625 Aybonen’,
2120 2561 2270 2606 cum
2329 2540 2549 2606 debita
2606 2548 2675 2606 et

392 2637 647 2716 humili,
676 2659 806 2722 qua
843 2638 1080 2717 decuit,
1109 2639 1471 2704 reverentia
1514 2640 1931 2724 praesentavit
1959 2646 2026 2705 et
2055 2640 2325 2704 tradidit
2367 2660 2449 2705 ex
2490 2645 2674 2723 parte

391 2737 702 2803 Venerab.
747 2742 1006 2821 patrum
1049 2736 1519 2820 praedictorum,
1562 2739 1895 2823 requirens
1940 2739 2217 2803 eundem
2254 2739 2477 2803 d'num
2506 2739 2672 2804 Ven.

390 2843 658 2920 patrem,
701 2837 922 2901 d'num
956 2837 1193 2920 Ep'um
1224 2838 1576 2920 Aybonen’,
1607 2844 1701 2916 ut,
1745 2840 2102 2904 secundum
2143 2844 2211 2905 et
2246 2840 2440 2923 juxta
2469 2839 2672 2903 conti-

393 2934 682 2999 nentiam
740 2942 807 2999 et
865 2941 1154 2999 tenorem
1213 2936 1502 3020 ipsarum
1566 2936 1951 3014 litterarum,
2009 2958 2079 3002 se
2136 2939 2352 3021 ipsum
2409 2939 2673 3003 fratrem

391 3033 438 3097 J
441 3033 758 3098 ohannem
802 3034 872 3097 in
920 3034 1241 3099 Abbatem
1290 3034 1451 3098 dicti
1494 3034 1728 3099 Mon'ii
1768 3036 1850 3100 de
1893 3035 2206 3119 Whiteby
2250 3036 2674 3114 benediceret,

392 3137 460 3195 et
516 3131 644 3196 sibi
700 3152 942 3197 munus
1001 3132 1472 3197 benedictionis
1539 3133 1961 3216 impenderet,
2023 3140 2091 3199 et
2148 3139 2379 3199 caetera
2436 3135 2674 3200 faceret

393 3235 461 3294 et
511 3237 832 3295 exerceret
883 3230 955 3293 in
1006 3250 1157 3296 eum
1208 3251 1353 3315 quae
1403 3251 1522 3295 suo
1564 3231 2026 3296 incumbebant
2073 3232 2280 3297 officio
2326 3233 2673 3318 episcopali

391 3329 459 3392 in
521 3329 642 3393 hac
700 3336 897 3413 parte.
1018 3330 1295 3395 Tenores
1352 3350 1505 3394 vero
1563 3331 1705 3414 ejus
1764 3331 2132 3396 litterarum
2197 3333 2277 3396 de
2335 3333 2531 3397 verbo
2589 3334 2674 3398 ad

388 3427 657 3492 verbum
688 3434 1052 3511 sequuntur
1081 3428 1524 3494 tales—videl.
1565 3428 1805 3494 litterae
1848 3429 2011 3494 dicti
2039 3428 2204 3495 Ven.
2249 3432 2452 3514 patris
2483 3432 2673 3496 electi

392 3526 701 3590 confectae
773 3526 1079 3591 Ecclesiae
1138 3527 1218 3592 de
1280 3527 1467 3592 Ebor.
1527 3528 1681 3592 talis
1740 3535 1840 3592 est
1896 3533 2084 3593 tenor
2102 3530 2430 3593 :—Frater
2485 3531 2672 3595 nobis

392 3624 735 3701 carissime,
758 3645 908 3689 cum
939 3630 1090 3689 ante
1118 3626 1552 3710 receptionem
1581 3626 1769 3709 pallii
1799 3647 1876 3692 ea
1897 3647 2043 3711 quae
2064 3633 2220 3691 sunt
2249 3628 2673 3694 Pontificatus

393 3723 734 3807 dignitatis
801 3723 1176 3789 nullatenus
1249 3724 1655 3790 intendimus
1714 3747 2026 3805 exercere,
2097 3726 2337 3792 idcirco
2394 3734 2674 3792 vestram

392 3822 861 3887 fraternitatem
899 3842 1199 3906 rogamus
1242 3823 1519 3889 corditer
1551 3845 1669 3908 per
1695 3831 2043 3908 praesentes
2088 3826 2394 3910 quatinus
2439 3826 2675 3891 dilecto

390 3920 525 3984 filio
554 3925 775 3984 nostro
803 3921 851 3986 J
853 3919 1098 3984 ohanni
1126 3921 1206 3986 de
1237 3921 1657 3999 Richemond,
1687 3923 1933 3987 Abbati
1976 3923 2208 3986 Mon’ii
2251 3923 2331 3987 de
2362 3923 2674 4007 Whiteby

393 4018 578 4082 nobis
623 4017 998 4084 immediate
1051 4019 1327 4103 subiecti
1378 4020 1601 4099 elect0,
1644 4028 1712 4086 et
1754 4027 1973 4086 vestra
2015 4021 2396 4086 auctoritate
2448 4021 2673 4086 confir-

392 4121 586 4192 mate,
630 4116 970 4182 diocesana
1012 4115 1278 4182 licentia
1312 4117 1577 4201 penitus
1617 4119 1903 4196 obtenta,
1930 4139 2170 4183 munus
2209 4118 2674 4185 benedictionis

391 4235 540 4279 cum
570 4214 749 4278 omni
784 4214 1113 4281 celeritate
1155 4217 1458 4299 possibili
1501 4217 1862 4301 dignemini
1904 4217 2289 4302 impendere.
2378 4217 2675 4283 Gratiose

390 4320 674 4377 vestram
703 4319 1042 4378 conservet
1069 4314 1398 4379 Dominus
1442 4315 1980 4394 incolumitatem,
2008 4336 2124 4399 per
2151 4322 2443 4399 tempora
2483 4317 2675 4381 dura-

392 4418 553 4477 tura.
623 4412 951 4497 Scriptum
973 4413 1148 4497 apud
1166 4411 1529 4498 Claveryng
1546 4413 1760 4477 xxiiim
1778 4416 1824 4480 J
1827 4434 1985 4481 unu
2054 4414 2257 4499 Cujus
2276 4415 2437 4482 Ven.
2456 4417 2674 4501 patris,

394 4509 522 4574 d’ni
555 4510 700 4595 Ep’i
723 4512 1027 4590 London.,
1055 4510 1290 4577 litterae
1318 4518 1507 4578 tenor
1534 4512 1687 4577 talis
1709 4518 1809 4578 est
1828 4513 2090 4579 z—Ven.
2115 4514 2186 4577 in
2210 4514 2466 4581 Christo
2489 4516 2677 4601 patri,
