3254 5140
595 576 719 633 412
963 587 1506 639 CARTULARIUM
1538 585 1943 636 ABBATHIAE
1980 584 2075 635 DE
2109 584 2482 636 WHITEBY.

593 750 760 815 D’no
820 752 865 816 J
869 748 1141 815 ohanni¹
1200 750 1443 814 Abbati
1505 750 1584 814 de
1637 749 1950 831 Whiteby
2009 755 2075 813 et
2134 748 2423 831 ejusdem
2482 747 2608 811 loci
2668 746 2865 811 Conv,

591 869 882 914 annuum
921 850 1251 914 redditum
1299 850 1587 933 quinque
1624 849 1736 913 sol.
1783 869 1929 931 arg„
1974 848 2057 912 ad
2098 847 2258 911 duos
2302 853 2482 912 term.
2528 847 2685 911 anni
2728 865 2869 928 per-

595 947 1256 1031 cipiendorum—scil.
1299 949 1461 1012 med.
1510 949 1591 1012 ad
1621 948 1664 1011 f.
1711 948 1770 1012 S.
1803 947 2076 1010 Martini
2119 946 2191 1009 in
2234 966 2438 1029 yeme,
2468 952 2535 1009 et
2578 944 2738 1008 med.
2786 942 2867 1006 ad

596 1047 1038 1124 Pentecosten,
1084 1048 1162 1111 de
1208 1048 1487 1130 quadam
1516 1047 1659 1110 bov.
1694 1048 1827 1110 t’rae
1855 1046 1925 1109 in
1971 1045 2236 1109 t'ritorio
2274 1045 2353 1109 de
2400 1045 2683 1109 Snetona
2725 1062 2868 1126 quae

594 1165 698 1208 me
744 1146 1155 1230 contingebat
1191 1146 1337 1229 jure
1380 1145 1780 1208 haered—de
1824 1145 1939 1209 illa
1983 1144 2116 1209 scil.
2162 1145 2302 1209 bov.
2347 1164 2541 1228 quam
2587 1144 2869 1226 Rogerus

593 1242 681 1307 ffl.
741 1244 1001 1309 Thomae
1060 1245 1139 1308 de
1198 1243 1473 1326 Bolleby
1490 1242 1516 1281 2
1574 1242 1919 1327 aliquando
1986 1244 2198 1308 tenuit
2256 1244 2335 1307 de
2393 1243 2722 1307 Willelmo
2789 1242 2868 1305 de

595 1342 969 1408 Walledene
1015 1343 1097 1407 ad
1140 1342 1314 1407 feodi
1357 1341 1624 1419 firmam,
1656 1350 1721 1407 et
1751 1350 1974 1426 postea
2016 1344 2096 1408 de
2133 1363 2255 1420 me,
2285 1343 2478 1407 sicuti
2510 1343 2590 1407 de
2619 1341 2866 1406 haerede

594 1441 1055 1524 propinquiori,
1084 1441 1313 1506 tenuit.
1392 1443 1707 1506 Praeterea
1736 1443 1952 1507 remisi
1982 1448 2049 1506 et
2078 1464 2183 1526 qu.
2208 1442 2283 1507 cl.
2317 1443 2396 1506 de
2425 1463 2528 1507 me
2557 1448 2624 1506 et
2662 1441 2865 1505 omni-

596 1539 718 1602 bus
747 1540 907 1603 meis
937 1540 1009 1602 in
1036 1561 1210 1623 perp.
1243 1544 1456 1603 totum
1492 1541 1601 1623 jus
1634 1547 1700 1605 et
1730 1540 1804 1605 cl.
1838 1542 2007 1625 quod
2039 1541 2255 1619 habui,
2285 1540 2391 1605 vel
2420 1541 2654 1605 habere
2683 1541 2867 1623 potui

596 1636 702 1701 vel
736 1643 975 1722 potem,
1020 1640 1090 1702 in
1120 1639 1237 1703 t’ra
1266 1660 1409 1723 quae
1439 1640 1564 1704 fuit
1595 1640 1915 1705 Willelmi
1961 1641 2041 1706 de
2070 1640 2449 1705 Walledene
2494 1640 2568 1703 in
2594 1640 2753 1704 villa
2788 1640 2867 1703 de

595 1736 1065 1822 Whiteby——in
1099 1737 1217 1803 illa
1245 1739 1377 1804 scil.
1410 1760 1556 1823 quae
1579 1741 1754 1823 jacet
1783 1741 1955 1804 inter
1983 1741 2168 1804 t'ram
2198 1740 2456 1804 Ricardi
2486 1740 2868 1804 Braciatoris

593 1857 674 1900 ex
704 1857 835 1900 una
877 1845 1075 1921 parte,
1105 1844 1173 1903 et
1200 1839 1386 1903 t'ram
1417 1839 1691 1903 Walteri
1735 1839 2021 1904 Tixtoris
2051 1861 2131 1904 ex
2176 1840 2391 1905 altera.
2482 1840 2568 1904 Et
2612 1846 2687 1903 ut
2728 1839 2865 1903 haec

595 1955 737 1998 mea
765 1936 1052 2001 venditio
1082 1942 1148 2001 et
1190 1958 1293 2021 qu.
1329 1937 1627 2002 clamatio
1660 1939 1854 2002 robur
1895 1946 2278 2023 perpetuum
2308 1946 2631 2023 perpetuae
2670 1939 2867 2002 firmi-

592 2034 747 2099 tatis
777 2036 1080 2114 obtineat,
1109 2057 1200 2120 pr.
1233 2058 1347 2102 scr.
1380 2038 1493 2122 sig.
1526 2058 1742 2102 meum
1772 2039 2059 2122 apposui.
2153 2038 2301 2103 Hiis
2334 2039 2625 2103 testibus.
2671 2089 2684 2104 .
2734 2089 2747 2103 .
2795 2090 2806 2103 .

704 2235 1176 2303 CCCGLXIII.
1221 2237 1364 2321 (61)
1411 2237 1704 2301 SPEcrAT
1735 2235 2178 2302 CAm‘rArmos
2212 2237 2371 2321 [and
2413 2239 2487 2301 in
2516 2260 2560 2302 a
2604 2239 2761 2302 later

1287 2337 1499 2420 hand]
1533 2336 1835 2400 GALWAY
1865 2337 2150 2401 LANDES.

680 2474 842 2537 Haec
884 2473 1232 2539 indentura
1274 2478 1550 2538 testatur
1594 2475 1786 2558 quod,
1831 2495 1979 2539 cum
2027 2474 2398 2539 Willelmus
2441 2474 2527 2539 fil.
2573 2475 2736 2539 Adae
2787 2474 2868 2540 de

594 2573 930 2656 Stokesley
960 2573 1039 2638 de
1068 2573 1380 2656 Whiteby
1409 2573 1645 2638 habeat
1674 2578 1740 2638 et
1769 2580 2004 2651 teneat,
2035 2575 2113 2639 de
2145 2594 2261 2639 suo
2292 2575 2634 2658 adquisito,
2664 2594 2868 2658 quan-

592 2674 741 2736 dam
771 2673 1072 2736 bovatam
1116 2674 1248 2736 t'rae
1278 2678 1572 2737 vocatam
1602 2673 1874 2758 Galway
1903 2674 2139 2751 lande,3
2175 2676 2499 2758 jacentem
2529 2676 2598 2738 in
2643 2695 2867 2758 campo

593 2772 671 2836 de
704 2773 1002 2849 Suetona,
1027 2772 1351 2855 jacentem
1379 2772 1549 2837 inter
1578 2773 1764 2837 t’ram
1791 2775 2069 2839 Abbatis
2113 2775 2193 2840 de
2223 2776 2535 2858 Whiteby
2564 2796 2645 2839 ex
2688 2782 2869 2858 parte

592 2892 740 2947 una,
769 2891 989 2935 versus
1035 2871 1448 2948 occidentem,
1478 2877 1545 2936 et
1589 2874 1915 2955 quandam
1958 2875 2246 2958 placeam
2290 2875 2423 2938 t’rae
2466 2874 2633 2939 arab.
2663 2875 2869 2957 ipsius

592 2969 924 3048 Willelmi,
955 2970 1391 3035 continentem
1414 2977 1544 3035 tres
1576 2992 1753 3037 acras
1784 2972 1934 3049 t'rae,
1963 2993 2185 3038 versus
2209 2973 2536 3049 orientem,
2559 2994 2641 3038 ex
2671 2972 2872 3037 altera

591 3077 791 3153 parte,
821 3090 965 3153 quae
995 3069 1258 3154 quidem
1288 3070 1428 3134 bov.
1462 3071 1594 3135 t’rae
1625 3077 1924 3135 oneratur
1951 3072 2031 3137 de
2061 3073 2339 3156 quodam
2370 3093 2584 3137 annuo
2614 3072 2870 3137 redditu

593 3169 879 3253 quinque
909 3169 1258 3232 solidorum
1288 3170 1534 3253 argenti
1566 3170 1810 3233 Abbati
1847 3175 1911 3235 et
1943 3171 2142 3237 Conv.
2176 3172 2255 3236 de
2286 3171 2593 3254 Whiteby
2626 3191 2869 3235 annua-

590 3270 713 3332 tim
757 3267 1339 3333 solvendo—videL
1389 3268 1469 3331 ad
1514 3269 1682 3333 festa
1735 3271 1918 3334 Pent.
1965 3276 2033 3334 et
2078 3271 2140 3336 S.
2188 3271 2463 3334 Martini
2505 3271 2576 3334 in
2619 3269 2870 3352 hyeme,

592 3389 707 3452 per
750 3388 963 3451 aequas
994 3366 1592 3451 partes—Praedicti
1637 3367 1860 3432 Abbas
1891 3373 1957 3432 et
1988 3368 2185 3433 Conv.
2217 3370 2408 3453 praed.
2453 3370 2593 3433 bov.
2627 3368 2760 3432 t'rae
2790 3368 2871 3432 de

592 3467 782 3551 praed.
814 3465 983 3531 redd.
1004 3467 1292 3550 quinque
1324 3466 1433 3530 sol.
1460 3487 1585 3551 arg.
1617 3467 2031 3532 vehementer
2049 3488 2122 3532 ac
2145 3468 2338 3532 nimis
2362 3474 2689 3532 oneratam
2719 3487 2871 3532 con-

595 3572 941 3642 cernentes,
986 3572 1053 3629 et
1087 3566 1238 3628 inde
1284 3566 1493 3629 eidem
1523 3565 1853 3631 Willelmo
1899 3572 1966 3632 et
2008 3567 2156 3633 haer.
2206 3568 2341 3632 suis
2385 3573 2632 3650 partem
2677 3567 2868 3650 praed.

594 3666 882 3730 redditus
912 3666 1196 3750 quinque
1241 3665 1351 3729 sol.
1385 3665 1742 3731 condonare
1765 3667 2071 3745 volenteS‚
2100 3668 2373 3752 gratiose
2403 3671 2870 3744 concesserunt,

595 3764 977 3829 remiserunt
1026 3767 1092 3827 et
1144 3784 1248 3846 qu.
1302 3762 1746 3829 clamaverunt
1804 3766 1996 3849 praed.
2050 3766 2379 3830 Willelmo
2424 3773 2491 3830 et
2534 3766 2680 3830 haer.
2735 3765 2870 3828 suis

596 3863 934 3928 duodecim
986 3863 1126 3926 den.
1180 3883 1306 3948 arg.
1348 3869 1606 3927 annuat.
1665 3864 1744 3929 de
1791 3865 1980 3948 praed.
2032 3865 2319 3949 quinque
2360 3865 2585 3929 solidis
2636 3864 2870 3948 imper-

595 3968 881 4046 petuum.
988 3961 1111 4025 Pro
1170 3961 1297 4026 hiis
1347 3982 1540 4039 conc„
1599 3963 1861 4040 remiss„
1923 3972 1989 4028 et
2046 3985 2152 4048 qu,
2212 3964 2612 4042 clamatione,
2672 3964 2864 4047 praed.

594 4060 983 4137 Willelmus,
1001 4082 1114 4145 pro
1147 4081 1214 4126 se
1245 4066 1311 4126 et
1341 4060 1490 4127 haer.
1511 4063 1662 4140 suiS,
1694 4064 1940 4148 obligat
1958 4070 2023 4127 et
2053 4069 2274 4128 onerat
2305 4063 2477 4148 (61b)
2511 4071 2644 4128 tam
2675 4064 2871 4148 praed.

663 4210 683 4245 ¹
718 4212 864 4262 John
887 4212 954 4263 de
980 4213 1308 4280 Steyngrave
1336 4218 1390 4277 (c.
1431 4216 1771 4277 1244-1258).
2368 4213 2390 4246 ²
2426 4214 2522 4266 See
2548 4215 2648 4265 No.
2675 4216 2795 4267 460.

662 4293 681 4322 ⁸
716 4294 845 4344 This
870 4311 1024 4345 name
1057 4295 1103 4344 is
1127 4295 1401 4347 doubtless
1428 4313 1459 4347 a
1493 4297 1794 4362 corruption
1834 4296 1889 4347 of
1923 4296 2019 4348 the
2055 4297 2296 4363 personal
2332 4314 2486 4348 name
2523 4296 2871 4361 Galewaythe

590 4377 864 4445 occurring
876 4376 932 4426 111
950 4359 1050 4428 No.
1060 4379 1183 4439 452,
1195 4378 1302 4428 and
1315 4380 1612 4446 possessing
1631 4380 1766 4430 local
1786 4380 2097 4431 association
2118 4384 2213 4432 not
2231 4380 2357 4446 only
2369 4380 2500 4432 with
2515 4381 2609 4432 the
2630 4380 2868 4445 vicinity,

589 4461 692 4511 but
727 4458 862 4510 with
896 4458 992 4509 the
1028 4475 1158 4525 very
1191 4460 1372 4526 pal-ish
1408 4478 1468 4512 or
1501 4463 1780 4528 township.
1855 4462 2077 4523 Walter,
2122 4463 2298 4514 father
2335 4464 2391 4513 01
2426 4463 2613 4525 Alieia,
2653 4462 2776 4513 wife
2812 4463 2870 4513 οἱ

588 4544 819 4593 Thomas
842 4542 908 4592 de
934 4542 1295 4608 Galewaythe,
1323 4545 1428 4595 had
1451 4545 1584 4596 been
1616 4551 1646 4574 “
1668 4546 1982 4611 Capellanus
2006 4547 2074 4596 de
2100 4545 2349 4598 Sueton.’'
