3254 5140
720 613 1260 666 CARTULARIUM
1297 613 1701 666 ABBATHIAE
1737 616 1834 667 DE
1869 615 2243 669 WHITEBY.
2500 605 2622 662 545

351 786 418 842 et
449 798 616 845 succ.
647 779 782 843 suis
813 779 1005 862 praed.
1035 799 1148 862 per
1177 799 1294 844 nos
1324 800 1624 845 concessa
1656 801 1783 844 non
1828 781 2122 858 fuissent,
2151 781 2305 845 licet
2334 780 2629 844 homines

352 886 419 940 et
450 883 744 942 tenentes
774 878 1092 941 dictorum
1124 898 1300 941 nunc
1344 878 1510 942 Abb.
1543 885 1610 941 et
1642 878 1841 943 ConV.
1874 885 1940 944 et
1984 899 2151 944 succ.
2183 898 2463 954 suorum,
2493 885 2627 941 tam

352 977 706 1042 residentes
751 997 947 1060 quam
990 997 1123 1040 non
1165 977 1536 1053 residenteS,
1581 998 1655 1041 ac
1701 977 1815 1041 alii
1859 978 2211 1043 residentes
2257 977 2630 1060 hujusmodi

352 1077 741 1160 quicunque,
785 1076 864 1140 de
918 1075 1123 1151 nobiS,
1166 1075 1317 1140 haer.
1363 1076 1469 1140 vel
1520 1096 1569 1141 e.
1615 1077 1872 1155 nostris,
1919 1077 2024 1141 vel
2076 1076 2298 1160 aliqua
2343 1075 2473 1140 alia
2521 1075 2631 1139 vel

353 1173 680 1256 aliquibus
710 1174 857 1237 aliis
888 1173 1178 1257 personis
1210 1174 1315 1237 vel
1359 1195 1627 1257 persona
1673 1175 1851 1253 alibi,
1881 1182 2230 1240 tenuerunt
2258 1176 2363 1239 vel
2407 1195 2631 1239 eorum

354 1271 592 1356 aliquis
621 1273 922 1348 tenuerit,
951 1280 1018 1336 et
1063 1272 1220 1336 licet
1261 1272 1641 1356 hujusmodi
1686 1273 1982 1338 homines
2026 1279 2095 1338 et
2138 1279 2433 1338 tenentes
2477 1272 2632 1336 resi-

355 1371 600 1448 dentes,
629 1371 736 1434 vel
764 1392 895 1434 non
925 1370 1296 1446 residentes,
1325 1391 1441 1435 seu
1471 1371 1582 1434 alii
1614 1372 2011 1456 quicumque
2040 1372 2413 1448 residentes,
2443 1372 2632 1434 Vice-

357 1470 642 1546 comiteS,
688 1469 915 1533 ballivi
944 1469 1052 1533 vel
1093 1469 1379 1534 ministri
1426 1472 1648 1548 nostri,
1684 1471 1833 1536 haer.
1864 1472 1985 1535 vel.
2018 1492 2065 1537 s.
2105 1478 2487 1546 nostrorum,
2517 1474 2633 1534 aut

359 1569 680 1633 dictorum
712 1589 887 1631 nunc
916 1568 1193 1632 Abbatis
1225 1577 1292 1632 et
1324 1570 1523 1634 Conv.
1559 1570 1665 1633 vel
1698 1590 1865 1635 succ.
1895 1591 2178 1648 suorum,
2206 1571 2312 1635 vel
2356 1571 2630 1654 alicujus

356 1668 622 1732 alterius
667 1688 972 1751 personae,
1019 1668 1323 1744 existant,
1352 1668 1476 1733 vel.
1507 1690 1730 1733 eorum
1773 1669 2031 1755 aliquis,
2070 1671 2305 1747 Vicec„
2334 1670 2635 1745 ballivus,

358 1768 463 1830 vel
503 1768 798 1830 minister
828 1773 1064 1842 noster,
1090 1766 1237 1830 haer.
1270 1766 1376 1830 vel
1405 1788 1454 1831 s.
1486 1773 1703 1844 nostr„
1735 1774 1851 1832 aut
1880 1769 2202 1833 dictorum
2245 1769 2523 1833 Abbatis
2568 1777 2638 1832 et

359 1866 559 1931 Οοιιν.
589 1865 697 1930 vel
727 1887 773 1929 s.
806 1886 1088 1941 suorum,
1117 1865 1223 1930 vel
1254 1865 1528 1949 alicujus
1558 1867 1827 1931 alterius
1873 1887 2160 1952 personae
2205 1869 2458 1932 existat.
2548 1868 2637 1930 Et

357 1965 532 2048 quod
564 1965 761 2029 iidem
793 1984 968 2028 nunc
996 1964 1217 2028 Abbas
1249 1972 1314 2028 et
1344 1965 1564 2041 Conv.,
1594 1972 1663 2029 et
1706 1986 1874 2030 succ.
1906 1966 2009 2029 sui
2053 1967 2321 2049 imperp.
2354 1966 2638 2030 habeant

356 2065 635 2128 thesaur.
678 2064 943 2139 invent„
979 2084 1218 2128 wrecce
1258 2065 1473 2140 maris,
1504 2064 1740 2147 lagan)
1771 2064 2091 2146 flotyssh,²
2117 2065 2296 2148 ways
2320 2071 2386 2128 et
2415 2066 2641 2147 strayf,

358 2162 428 2224 in
461 2163 759 2226 omnibus
790 2170 855 2226 et
899 2161 1172 2246 singulis
1217 2162 1425 2238 d'niis,
1468 2162 1627 2240 t’ris,
1670 2163 2077 2239 tenementiS,
2121 2172 2187 2229 et
2230 2163 2434 2228 feodis
2478 2185 2639 2247 prae-

359 2261 571 2337 dictis,
623 2266 689 2325 et
741 2280 963 2324 omnes
1022 2263 1184 2324 fines
1236 2282 1349 2344 pro
1400 2261 2038 2345 transgressionibus,
2096 2263 2640 2346 oppressionibus,

359 2361 848 2435 extortionibus,
921 2359 1383 2443 decipionibus,
1444 2360 2049 2443 conspirationibus,
2121 2359 2640 2435 concelamentis,

358 2460 741 2542 regratariis‚
802 2459 1226 2534 forstallariiS,
1293 2460 1822 2535 manutenentiis,
1896 2459 2335 2538 ambidextris,
2393 2460 2641 2525 falsita-

358 2559 556 2635 tibus,
586 2558 854 2643 escapiis
902 2558 1207 2637 felonum,
1240 2558 1758 2642 misprisionibus
1788 2559 2299 2644 quibuscunque,
2322 2567 2389 2625 et
2417 2582 2640 2625 omnes

360 2657 522 2721 fines
553 2678 666 2741 pro
695 2657 965 2722 licentia
993 2656 1442 2733 concordandi,
1464 2678 1721 2721 necnon
1735 2659 2106 2723 omnimoda
2127 2660 2641 2735 amerciamenta,

361 2756 851 2839 redemptiones,
880 2756 1096 2820 exitus
1119 2755 1494 2832 forisfactos,
1514 2761 1580 2819 et
1609 2757 2008 2821 omnimodas
2031 2758 2484 2833 forisfacturas,
2504 2763 2636 2821 tam

362 2876 479 2939 per
521 2856 742 2919 brevia
784 2863 1021 2931 nostra,
1063 2856 1211 2919 haer.
1246 2863 1313 2918 et
1356 2875 1523 2919 succ.
1554 2864 1937 2933 nostrorum,
1968 2857 2048 2935 de
2092 2857 2385 2922 attinctis
2429 2857 2643 2920 decies

361 2953 521 3030 t',m⁸
538 2961 602 3017 et
626 2953 1009 3036 praemunire
1027 2954 1143 3017 fac.
1148 2951 1525 3036 ,adjudicat
1547 2960 1614 3017 et
1632 2953 2062 3037 adjudicand„
2080 2975 2273 3037 quam
2294 2975 2408 3038 per
2426 2955 2644 3019 omnia

364 3054 493 3117 alia
538 3053 760 3117 brevia
806 3059 872 3117 et
922 3052 1229 3116 mandata
1274 3058 1509 3127 nostra,
1553 3052 1704 3118 haer.
1750 3059 1816 3117 et
1859 3073 2028 3117 succ.
2074 3073 2156 3129 n.,
2200 3073 2646 3136 quaecumque,

365 3172 627 3227 annum,
670 3152 862 3227 diem,
899 3150 1279 3234 streppum,⁴
1321 3158 1597 3226 vastum,
1630 3158 1697 3214 et
1741 3151 2093 3227 deodanda,
2137 3171 2211 3215 ac
2256 3151 2473 3214 omnia
2516 3152 2645 3215 alia

364 3272 510 3336 quae
539 3251 621 3314 ad
651 3271 786 3326 nos,
814 3251 963 3314 haer.
993 3251 1116 3314 vel.
1147 3270 1317 3314 succ.
1349 3258 1600 3314 nostros
1646 3250 1966 3333 pertinere
2009 3255 2273 3333 possent
2303 3249 2409 3312 vel
2452 3249 2643 3314 debe-

365 3357 528 3427 rent,
558 3358 692 3414 tam
724 3350 804 3413 de
835 3349 1026 3414 dictis
1056 3369 1245 3424 anno,
1274 3348 1399 3425 die,
1428 3355 1613 3412 vasto
1639 3355 1706 3412 et
1727 3355 2006 3430 strepp0,
2027 3367 2223 3430 quam
2242 3347 2323 3411 de
2347 3347 2644 3423 murdris,

366 3449 636 3532 escapiis
667 3447 977 3523 felonum,
1006 3447 1299 3531 raptibus
1332 3446 1697 3524 mulierum,
1726 3453 1793 3510 et
1838 3446 2096 3511 feloniis
2128 3445 2644 3529 quibuscunque,

367 3551 448 3614 de
492 3548 792 3612 omnibus
838 3547 1209 3611 hominibus
1255 3551 1320 3611 et
1363 3546 1757 3622 tenentibus,
1787 3553 1922 3609 tam
1966 3545 2404 3610 residentibus
2448 3565 2646 3629 quam

367 3670 497 3713 non
529 3646 979 3722 residentibus,
1010 3653 1077 3709 et
1106 3646 1253 3710 aliis
1281 3646 1718 3710 residentibus
1763 3646 2258 3730 quibuscunque
2300 3646 2647 3729 praedictis,

367 3769 441 3812 ac
471 3747 551 3811 de
581 3746 825 3810 villatis
856 3751 922 3809 et
964 3744 1339 3820 hundredis,
1370 3744 1450 3808 de
1491 3750 1557 3808 et
1585 3745 1657 3807 in
1688 3744 1925 3827 quibus
1957 3744 2148 3822 d'nia,
2178 3752 2381 3821 terrae,
2410 3750 2644 3809 tenem.

367 3856 435 3912 et
485 3847 673 3910 feoda
714 3845 906 3928 praed.
961 3845 1248 3908 existant
1300 3844 1404 3907 vel
1458 3844 1720 3920 fuerint,
1771 3844 1841 3907 in
1888 3844 2384 3926 quibuscunque
2433 3844 2646 3918 Curiis

369 3945 624 4020 nostris,
652 3944 800 4008 haer.
832 3943 940 4006 vel
982 3963 1149 4006 succ.
1183 3962 1265 4019 n.,
1293 3947 1429 4005 tam
1473 3941 1665 4005 videl.
1698 3962 1911 4006 coram
1955 3942 2160 4018 nobis,
2189 3941 2336 4005 haer.
2370 3948 2436 4006 et
2479 3961 2647 4005 succ.

367 4067 450 4120 n.,
471 4045 541 4107 in
568 4042 967 4107 cancellaria
989 4047 1225 4117 nostra,
1246 4040 1395 4105 hoer.
1421 4045 1487 4104 et
1508 4060 1676 4104 succ.
1702 4047 2084 4117 nostrorum,
2106 4061 2179 4104 ac
2211 4060 2423 4103 coram
2443 4039 2651 4116 nobis,

369 4145 518 4208 haer.
550 4149 618 4207 et
662 4162 829 4206 succ.
860 4142 1115 4217 nostris,
1160 4140 1553 4223 ubicumque
1598 4139 1911 4203 fuerimus
1956 4139 2027 4202 in
2071 4138 2353 4223 Anglia3
2395 4159 2649 4204 necnon

369 4263 583 4307 coram
627 4241 926 4304 Thesaur.
975 4248 1042 4303 et
1086 4239 1446 4303 Baronibus
1489 4238 1746 4313 nostris,
1791 4236 1851 4301 h.
1886 4245 1950 4301 et
1981 4258 2029 4303 s.
2061 4259 2143 4313 n.,
2174 4237 2255 4302 de
2299 4237 2650 4316 ScaccariO,

441 4388 462 4425 ¹
501 4390 663 4440 “The
702 4389 849 4456 right
885 4392 942 4439 to
979 4392 1203 4439 matters
1246 4386 1456 4438 thrown
1499 4403 1571 4453 up
1609 4386 1684 4453 by
1726 4386 1820 4437 the
1863 4402 1967 4448 sea,
2011 4385 2159 4452 lying
2198 4402 2266 4435 on
2309 4387 2403 4437 the
2445 4386 2653 4438 shore.n

370 4474 626 4533 —(Select
652 4472 912 4532 Charta-s,
941 4473 1081 4533 544).

443 4555 465 4588 ²
501 4556 874 4624 Nowstouam.
1163 4550 1186 4585 ³
1220 4552 1463 4619 Reuding
1490 4552 1780 4604 uncertain.
2069 4548 2089 4583 ⁴
2132 4551 2512 4618 Unexplaiued.
