3254 5140
725 547 1063 601 CARTULA
1074 546 1267 599 RIUM
1304 547 1349 596 A
1360 546 1712 598 BBATHIAE
1749 547 1846 598 DE
1881 545 2251 598 WHITEBY.
2500 537 2534 593 6
2544 537 2577 592 4
2587 537 2623 593 3

355 713 673 777 Mon’ium
733 718 800 776 et
859 711 1218 776 manerium
1275 711 1582 794 proedicta
1641 711 2174 795 qualitercunque
2232 711 2628 795 pertinentes

354 811 763 888 ordinationi,
818 809 1034 886 laudo,
1090 809 1365 887 decreto,
1417 815 1484 874 et
1543 809 1718 873 dicto
1763 811 2078 875 Venerab.
2130 810 2333 893 patris
2385 816 2452 874 et
2495 810 2628 874 d’ni

355 909 577 988 nostri,
621 910 778 974 D'ni
805 908 1141 986 willelmi,
1173 909 1254 972 D.
1288 909 1364 973 G.
1395 909 1582 974 Ebor.
1611 909 1960 994 Archiep’i,
2004 909 2261 993 Angliae
2306 910 2630 986 Primatis,

355 1017 674 1093 quantum
731 1009 804 1072 in
862 1008 1051 1073 nobis
1109 1008 1214 1086 sit,
1272 1008 1719 1094 submittendi,
1777 1009 1981 1092 ipsius
2041 1009 2510 1074 ordinationem
2562 1017 2632 1072 et

353 1108 625 1172 laudum
668 1108 932 1192 petendi
962 1113 1029 1171 et
1067 1108 1513 1191 prosequendi,
1544 1115 1611 1173 et
1653 1108 1725 1171 in
1755 1115 2062 1172 eventum
2106 1108 2471 1184 eorundem,
2514 1115 2630 1171 aut

356 1210 800 1292 cujuscunque
828 1208 909 1273 de
932 1207 1191 1284 eisdem,
1214 1228 1290 1273 ea
1318 1208 1717 1291 approbandi
1746 1215 1813 1272 et
1841 1208 2244 1293 emologandi
2273 1215 2341 1273 et
2362 1229 2628 1273 consen-

357 1308 567 1372 tiendi
595 1308 837 1372 eisdem
867 1307 1166 1372 omnibus
1196 1312 1263 1371 et
1292 1306 1565 1392 singulis
1594 1307 1958 1392 pertinent„
1981 1328 2100 1372 nos
2122 1315 2352 1383 ratum,
2372 1314 2627 1392 gratum

359 1413 426 1470 et
469 1408 725 1470 firmum
768 1405 1119 1482 habituros,
1148 1406 1559 1490 perfecturos,
1589 1427 1705 1471 seu
1750 1407 2146 1490 impleturos,
2177 1414 2369 1491 prout
2397 1408 2479 1470 ad
2509 1427 2629 1471 nos

360 1505 659 1589 pertinet,
692 1525 809 1570 seu
851 1504 1218 1589 pertinebit,
1254 1513 1321 1570 et
1364 1511 1687 1588 quatenus
1730 1505 1801 1569 in
1845 1507 2032 1570 nobis
2076 1506 2288 1584 fuerit,
2333 1527 2446 1572 seu
2490 1527 2628 1570 esse

360 1606 613 1689 poterit,
651 1604 961 1689 quicquid
1003 1605 1177 1668 idem
1207 1605 1610 1670 Venerabilis
1657 1613 1840 1689 pater
1878 1606 2050 1671 inter
2094 1627 2211 1670 nos
2256 1611 2322 1670 et
2367 1608 2629 1671 fratrem

358 1705 670 1769 Thomam
694 1705 774 1769 de
795 1703 1051 1768 Malton
1072 1704 1452 1788 praedictum
1470 1706 1731 1770 duxerit
1752 1705 2198 1782 ordinandum,
2216 1705 2632 1783 laudandum,

361 1826 475 1870 seu
505 1803 985 1889 quomodolibet
1015 1803 1505 1882 decernendum,
1534 1806 1731 1869 etiam
1762 1806 1818 1869 si
1847 1804 2127 1870 voluerit
2169 1806 2410 1889 absque
2453 1807 2630 1881 omni

358 1925 567 1970 causae
638 1903 1022 1987 cognitione,
1081 1902 1274 1988 plena
1332 1909 1447 1968 aut
1503 1904 1868 1981 summaria,
1920 1905 2197 1987 strepitu
2255 1912 2370 1968 aut
2426 1905 2634 1988 figura

352 2002 601 2088 judicii,
629 2010 822 2088 prout
851 2003 1086 2068 viderit
1114 2009 1233 2067 aut
1276 2003 1619 2068 crediderit
1648 2002 1985 2086 expedire3
2020 2003 2389 2087 juramenta
2417 2005 2633 2081 etiam,

359 2111 495 2168 tam
541 2102 621 2167 de
650 2102 1020 2187 calumpnia
1050 2124 1245 2187 quam
1276 2103 1355 2168 de
1385 2104 1655 2168 veritate
1683 2102 1975 2180 dicenda,
2004 2110 2071 2167 et
2099 2102 2433 2186 quodlibet
2455 2103 2634 2167 aliud

361 2223 563 2288 genus
620 2202 788 2266 liciti
845 2203 1229 2267 sacramenti
1285 2203 1356 2267 in
1400 2202 1649 2267 animas
1701 2208 1950 2267 nostras
1996 2202 2361 2286 praestandi,
2411 2203 2635 2286 positi-

361 2302 594 2367 onibus
640 2309 707 2367 et
752 2303 1356 2386 interrogationibus
1400 2302 1559 2366 dicti
1594 2302 1795 2386 patris
1835 2301 2281 2385 respondendi,
2327 2302 2636 2378 defectuS,

363 2400 805 2465 excusationes
827 2407 895 2466 et
916 2387 1396 2485 impedimenta,
1411 2402 1560 2485 jura
1582 2407 1649 2467 et
1669 2403 1949 2467 rationes
1978 2422 2097 2466 nos
2127 2407 2193 2466 et
2215 2402 2637 2466 Monast’ium

364 2504 657 2564 nostrum
686 2498 1242 2584 qualitercumque
1272 2500 1725 2586 contingentes
1754 2501 2172 2587 proponendi,
2202 2501 2527 2586 allegandi
2572 2506 2639 2565 et

362 2600 693 2684 probandi,
715 2621 789 2665 ac
812 2600 1027 2665 omnia
1048 2600 1177 2664 alia
1198 2605 1265 2664 et
1292 2601 1549 2686 singula
1579 2608 1800 2667 nostro
1831 2602 2093 2667 nomine
2122 2601 2418 2679 faciendi,
2440 2603 2637 2691 etiam

365 2700 422 2764 si
445 2700 824 2764 mandatum
846 2700 1119 2785 exigunt
1147 2700 1440 2783 speciale.
1517 2701 1644 2766 Pro
1674 2701 1915 2766 eisdem
1937 2723 2089 2767 vero
2108 2702 2637 2767 Procuratoribus

365 2799 618 2875 nostris,
662 2804 728 2863 et
770 2819 988 2863 eorum
1039 2798 1533 2883 quibuscunque
1576 2799 1848 2877 duobus
1892 2821 2053 2883 quos
2099 2808 2445 2883 praesentes
2498 2821 2640 2865 esse

260 2932 265 2937 ·
365 2898 721 2982 contigerit,
741 2898 1107 2982 judicatum
1149 2897 1333 2975 solvi,
1373 2900 1736 2963 cautionem
1781 2901 1903 2964 sub
1946 2899 2264 2983 ypotheca
2308 2889 2518 2964 rerum
2558 2900 2641 2964 ad

366 3016 483 3062 nos
535 3003 604 3061 et
652 2995 1144 3080 quibuscunque
1203 2996 1413 3060 causis
1456 2997 1989 3081 qualitercunque
2047 2998 2439 3081 pertinentia
2495 3019 2640 3081 pro-

367 3096 688 3160 mittimus
732 3101 800 3160 et
843 3096 1240 3179 exponimus.
1333 3096 1417 3159 In
1462 3097 1649 3180 cujus
1692 3097 1785 3159 rei
1815 3096 2262 3161 testimonium
2292 3102 2640 3179 praesentes

367 3195 784 3278 impressione
814 3194 1174 3259 communis
1204 3194 1403 3279 sigilli
1432 3194 1590 3258 dicti
1622 3194 1854 3258 Mon'ii
1882 3201 1950 3259 et
1979 3195 2338 3259 munimine
2368 3195 2642 3259 fecimus

365 3294 658 3358 roborari.
750 3295 994 3359 Datum
1038 3295 1111 3357 in
1153 3293 1498 3358 Monast'io
1543 3299 1763 3357 nostro
1807 3293 1982 3376 apud
2010 3292 2324 3377 Whiteby
2355 3294 2446 3356 vii
2483 3293 2645 3358 Idus

364 3395 410 3458 J
414 3392 532 3456 ulii
580 3392 656 3457 A.
711 3394 789 3459 G.
837 3403 1055 3459 M⁰ccc⁰
1112 3393 1419 3458 vicesimo
1468 3392 1766 3457 secundo.
1857 3392 1944 3456 Et
1995 3397 2070 3455 ut
2130 3391 2268 3456 haec
2327 3393 2643 3457 ordinatio

367 3496 585 3555 nostra
641 3499 781 3556 rata
838 3492 943 3569 sit,
990 3491 1242 3557 stabilis
1300 3497 1497 3574 atque
1556 3490 1758 3567 firma,
1810 3489 2193 3554 mandamus
2254 3510 2394 3554 eam
2446 3489 2643 3575 sigilli

367 3591 571 3655 nostri
602 3591 1021 3675 impressione
1050 3591 1318 3677 dignari.
1408 3591 1658 3655 Datum
1688 3591 1861 3674 apud
1895 3590 2106 3675 Thorp
2136 3611 2332 3674 prope
2361 3591 2546 3655 Ebor.
2570 3590 2646 3653 iii

370 3690 529 3755 Idus
558 3693 604 3756 J
607 3691 725 3756 ulii
754 3692 833 3756 A.
865 3692 944 3758 G.
974 3691 1360 3776 supradicto,
1388 3692 1815 3756 Pontificatus
1846 3691 2049 3756 nostri
2080 3692 2324 3776 quint0.

988 3980 991 3981 γ
1048 3925 1300 3991 DCIII.
1348 3925 1651 4011 (Melton,
1680 3926 1720 3989 f.
1757 3923 1958 4009 239b.)

620 4050 1095 4114 Paconium-10
1126 4065 1250 4114 rao
1287 4065 1532 4114 nmero
1563 4049 1908 4114 MoNAcno
1939 4065 2025 4113 m:
2055 4050 2398 4113 Wm'rsnr.

457 4186 848 4263 willelmus»,
895 4190 1036 4263 etc„
1087 4186 1326 4252 dilecto
1369 4186 1522 4264 filio,
1568 4185 1847 4251 Officiali
1906 4186 2362 4250 Archidiaconi
2415 4187 2650 4271 Clyve-

370 4286 542 4364 land,
587 4287 883 4364 salutem,
912 4286 1187 4370 gratiam
1231 4292 1299 4351 et
1342 4286 1873 4351 benedictionem.
1965 4287 2131 4351 Cum
2159 4293 2430 4351 vacante
2459 4287 2650 4352 Mon-

370 4386 604 4450 asterio
650 4386 730 4451 de
782 4385 1114 4469 Whiteby,
1166 4390 1401 4449 nostrae
1453 4385 1814 4461 dioecese08‚
1859 4406 1974 4469 per
2026 4385 2378 4451 cessionem
2431 4388 2647 4452 fratris

372 4485 633 4548 Thomae
678 4485 757 4548 de
803 4483 1078 4561 Malton,
1108 4482 1328 4547 ultimi
1357 4483 1634 4547 Abbatis
1678 4483 1986 4567 ejusdem,
2028 4484 2293 4549 fratrem
2337 4486 2644 4551 Thomam

373 4584 450 4646 de
512 4583 989 4667 Haukesgarth‚
1063 4583 1221 4647 dicti
1283 4583 1511 4646 Mon'ii
1585 4584 2133 4661 commonachum‚
2193 4585 2262 4647 in
2323 4586 2644 4648 Abbatem
