3254 5140
700 631 1248 684 CARTULARIUM
1283 633 1690 685 ABBATHIAE
1728 636 1826 685 DE
1863 635 2234 689 WHITEBY.
2477 623 2594 683 471

332 794 634 879 episcopi,
662 796 744 861 lis
774 795 993 860 mota1
1036 797 1279 861 Abbati
1325 805 1391 862 et
1437 799 1635 864 Conv.
1668 799 1747 864 de
1793 801 2058 884 Wytebi
2103 813 2152 864 a·
2186 801 2488 884 magistro
2535 807 2600 863 et

331 895 636 959 fratribus
679 896 1045 980 Hospitalis
1077 897 1137 962 S.
1171 899 1367 975 Petri,
1395 899 1603 976 Ebor.,
1634 920 1844 964 coram
1890 901 2152 964 Decano
2184 908 2250 965 et
2281 899 2601 983 capitulo,

329 1014 522 1077 super
578 996 780 1059 travis
840 1017 1211 1061 carucarum
1265 998 1343 1062 de
1400 998 1686 1081 Witeby,
1750 999 1819 1061 in
1872 999 2046 1063 hunc
2097 1000 2358 1062 modum
2420 998 2596 1081 [con-

328 1093 638 1178 quievitJ²
664 1096 981 1173 :-—videl.,
999 1096 1169 1180 quod
1204 1097 1363 1161 dicti
1380 1097 1603 1161 Abbas
1635 1104 1702 1162 et
1732 1098 2031 1162 monachi
2061 1099 2142 1163 de
2172 1099 2457 1181 Witeby,
2484 1117 2598 1181 pro

327 1193 526 1256 travis
558 1193 639 1257 de
669 1194 968 1259 omnibus
1004 1196 1249 1261 carucis
1281 1197 1416 1260 suis
1449 1217 1608 1279 quas
1654 1196 1914 1273 habent,
1945 1196 2052 1260 vel
2095 1196 2381 1260 habituri
2426 1202 2600 1271 sunt,

326 1290 584 1356 solvent
600 1291 873 1376 singulis
892 1294 1078 1358 annis
1096 1294 1168 1357 in
1186 1295 1464 1358 crastino
1486 1295 1544 1358 S.
1557 1295 1835 1359 Andreae
1852 1295 2169 1379 Apostoli,
2179 1295 2352 1379 apud
2368 1296 2595 1359 Toren-

326 1397 544 1454 tonam
590 1392 783 1475 juxta
828 1393 1256 1476 Pikeringam,
1301 1393 1429 1457 duo
1473 1393 1657 1457 milia
1701 1394 1920 1458 allecis
1965 1395 2119 1458 boni
2172 1394 2479 1479 pacabilis
2525 1395 2592 1456 in

321 1509 498 1572 perp.
527 1491 853 1574 praedietis
883 1493 1188 1575 magistro
1225 1497 1292 1556 et
1322 1492 1822 1556 fratribus—Ita
1851 1493 2024 1576 quod
2055 1493 2376 1557 immunes
2405 1500 2596 1556 erunt

323 1591 661 1654 memorati
690 1590 911 1656 Abbas
941 1598 1006 1656 et
1035 1591 1334 1656 monachi
1365 1612 1479 1675 pro
1510 1591 1629 1656 hac
1676 1591 2082 1657 concessione
2113 1614 2151 1657 a
2181 1593 2591 1676 praestatione

323 1695 653 1752 travarum
682 1690 753 1753 in
782 1697 1165 1773 perpetuum
1193 1715 1207 1755 ε
1254 1690 1461 1754 Salvis
1493 1691 1818 1773 praedictis
1847 1691 2152 1775 magistro
2188 1697 2254 1756 et
2284 1692 2589 1755 fratribus

320 1788 569 1872 integre
600 1794 666 1853 et
692 1789 980 1872 plenarie
1011 1790 1211 1853 travis
1255 1790 1336 1854 de
1367 1790 1610 1854 carucis
1641 1789 1976 1854 hominum
2023 1790 2240 1873 (134b)
2272 1797 2337 1855 et
2367 1797 2590 1855 tenen-

322 1887 491 1951 tium
536 1887 853 1952 dictorum
899 1888 1170 1952 Abbatis
1216 1896 1283 1953 et
1330 1889 1528 1954 Conv.
1562 1890 1642 1953 de
1686 1889 1969 1972 Witeby.
2062 1889 2131 1953 Si
2178 1896 2394 1953 autem
2440 1909 2586 1953 oon-

318 1987 529 2069 tingat
587 1987 760 2070 quod
819 1986 1069 2070 aliquas
1129 1988 1277 2051 t'ras
1331 1987 1413 2051 ad
1464 1988 1717 2051 firmam
1768 1988 2077 2070 ceperint,
2129 1988 2236 2052 vel
2289 1988 2367 2052 de
2419 2009 2587 2052 novo

316 2085 757 2169 adquisierint,
787 2087 867 2150 de
897 2087 1132 2170 quibus
1163 2086 1430 2150 bladum
1462 2088 1520 2151 S.
1554 2087 1735 2151 Petri
1763 2087 2088 2169 percipere
2119 2092 2591 2151 consueverunt

317 2185 648 2268 saepedicti
698 2186 988 2269 magistri
1039 2192 1105 2249 et
1157 2184 1404 2262 fratreS,
1448 2185 1526 2248 de
1579 2185 1854 2269 singulis
1909 2185 2151 2249 carucis
2196 2191 2394 2249 terras
2440 2184 2586 2248 illas

316 2283 675 2348 colentibus
720 2283 1003 2370 singulas
1048 2290 1261 2348 travae
1307 2304 1554 2349 annuas
1597 2285 1970 2368 persolvant
2015 2284 2203 2368 praed.
2253 2284 2477 2348 Abbas
2521 2290 2588 2347 et

316 2383 632 2460 monachi,
683 2383 791 2447 vel
838 2382 996 2448 alias
1047 2384 1466 2448 satisfaciant.
1577 2384 1665 2447 Et
1719 2404 1800 2448 ne
1853 2383 2074 2466 aliquo
2136 2403 2288 2446 casu
2340 2384 2411 2446 in
2464 2382 2584 2446 hac

312 2482 631 2547 solutione
679 2503 923 2548 cessare
971 2489 1382 2567 praesumant,
1436 2482 1880 2566 jurisdictioni
1941 2483 2189 2546 Decani
2250 2488 2316 2546 et
2377 2483 2583 2566 Capit.

313 2583 501 2647 Ebor.
522 2604 588 2647 se
619 2584 1028 2667 subjecerunt
1046 2583 1374 2667 saepedicti
1394 2583 1616 2647 Abbas
1638 2588 1704 2648 et
1725 2582 1921 2647 Conv.
1948 2583 2026 2647 de
2057 2583 2342 2665 witeby,
2365 2582 2583 2667 appel-

311 2682 552 2747 latione
582 2691 841 2759 remota,
870 2688 946 2745 ut
975 2683 1058 2747 ad
1087 2682 1210 2746 hoc
1240 2682 1728 2766 compellantur.
1823 2683 1903 2745 In
1932 2680 2128 2765 hujus
2160 2688 2378 2746 autem
2410 2702 2581 2745 com-

310 2782 649 2866 positionis
701 2783 892 2846 robur
944 2787 1009 2846 et
1053 2782 1516 2859 testimonium,
1561 2781 1880 2846 dictorum
1931 2781 2208 2845 Abbatis
2254 2789 2320 2845 et
2366 2780 2583 2857 Conv.,

310 2887 377 2944 et
424 2881 721 2965 Magistri
774 2888 839 2945 et
878 2882 1173 2945 Fratrum
1228 2881 1607 2964 Hospitalis,
1649 2900 1898 2944 necnon
1950 2879 2199 2945 Decani
2250 2888 2316 2944 et
2369 2881 2577 2963 Capit.

311 2979 519 3056 Ebor.,
565 3000 776 3044 coram
836 2981 1072 3064 quibus
1131 2979 1269 3043 haec
1328 2986 1471 3045 acta
1529 2985 1703 3056 sunt,
1762 2979 1913 3043 huic
1975 2999 2091 3043 scr.
2157 2979 2370 3062 sigilla
2428 2985 2582 3043 sunt

308 3080 615 3163 apposita.

307 3218 429 3269 four
463 3217 668 3269 secular
702 3217 910 3283 priests,
937 3217 1085 3284 eight
1119 3216 1316 3277 sieten,
1343 3215 1520 3281 thirty
1555 3214 1857 3275 choristers,
1883 3217 1992 3264 two
2028 3212 2445 3274 schoolmasters,
2471 3218 2582 3265 two

306 3301 551 3351 hundred
576 3301 681 3351 and
705 3301 787 3350 six
812 3300 1082 3361 besdmen,
1104 3299 1211 3349 and
1236 3299 1316 3349 six
1340 3299 1610 3360 servitors,
1634 3297 1766 3348 with
1790 3296 1943 3347 lands
1968 3296 2072 3346 and
2099 3301 2245 3346 rents
2269 3297 2581 3363 amounting

306 3384 364 3435 in
387 3383 481 3435 the
504 3383 677 3433 whole
701 3388 760 3433 to
776 3384 936 3442 1:500,
969 3384 1073 3432 lls.
1102 3377 1235 3451 lffid„
1264 3381 1363 3431 but
1387 3381 1523 3431 clare
1542 3380 1669 3445 only
1692 3381 1854 3441 26:362,
1887 3381 1992 3429 118.
2027 3377 2141 3440 ud.
2216 3377 2329 3429 The
2344 3377 2446 3428 site
2472 3395 2580 3428 was

305 3466 547 3534 granted,
575 3468 643 3517 35
669 3466 855 3531 Henry
882 3478 1025 3526 V111.,
1052 3469 1110 3515 to
1134 3464 1219 3515 Sir
1242 3464 1503 3528 Anthony
1527 3463 1721 3528 Dar-ey,
1752 3463 1872 3522 and,
1904 3464 1937 3514 6
1965 3459 2256 3529 Elizabeth,
2282 3465 2341 3512 to
2379 3461 2581 3512 Robert

305 3549 432 3600 Earl
456 3548 1070 3615 Dudley.'’—(Dugdale,
1109 3548 1277 3610 Mon.)
1351 3545 1429 3597 St.
1458 3544 1741 3597 Leonard's
1777 3544 1947 3606 Place,
1974 3543 2068 3595 the
2091 3547 2260 3595 street
2293 3559 2352 3595 so
2389 3544 2571 3606 called,

305 3649 427 3684 now
450 3632 632 3684 marks
655 3631 748 3682 the
771 3633 887 3684 site.

375 3715 396 3748 ¹
432 3715 528 3767 See
564 3715 663 3767 No.
693 3717 812 3776 295,
851 3714 1012 3765 dated
1056 3716 1204 3765 1248.
1280 3712 1569 3778 Assuming
1603 3711 1698 3762 the
1737 3716 1769 3739 ‘⁶
1789 3711 2067 3761 translatio
2087 3710 2118 3737 ’'
2151 3710 2207 3761 of
2241 3710 2578 3777 Archbishop

300 3799 532 3849 Thomas
555 3804 614 3849 to
637 3798 704 3848 be
728 3797 820 3849 the
844 3797 1201 3848 transference
1225 3797 1281 3848 of
1303 3796 1389 3847 his
1412 3795 1555 3860 body
1581 3795 1717 3845 from
1742 3794 1812 3845 its
1838 3794 1954 3844 first
1990 3793 2358 3859 resting-place
2392 3793 2447 3843 in
2485 3794 2578 3844 the

301 3887 459 3949 crypt
483 3883 537 3932 oi
561 3881 895 3945 Canterbury
920 3880 1203 3931 Cathedral
1228 3884 1287 3931 to
1312 3879 1406 3930 the
1429 3879 1608 3929 shrine
1638 3877 1893 3943 prepared
1919 3878 2000 3927 for
2037 3877 2082 3927 it
2105 3876 2303 3927 behind
2328 3877 2422 3927 the
2446 3877 2576 3943 high

298 3967 451 4028 altar,
478 3964 655 4016 which
679 3964 810 4016 took
834 3963 983 4031 place
1007 3964 1061 4013 in
1087 3963 1181 4014 the
1207 3979 1335 4028 year
1365 3964 1501 4014 1200
1540 3962 1652 4022 (the
1689 3960 2051 4011 canonisation
2085 3959 2284 4025 having
2319 3960 2577 4026 preceded

295 4050 409 4102 this
432 4054 520 4100 act
545 4049 615 4113 by
641 4048 806 4099 about
828 4051 1220 4111 twenty-seven
1244 4049 1436 4112 years),
1465 4061 1546 4095 we
1571 4044 1708 4095 have
1733 4060 1876 4094 some
1902 4042 2018 4094 clue
2053 4046 2111 4093 to
2146 4042 2240 4093 the
2277 4042 2458 4093 rather
2494 4044 2573 4093 in-

295 4133 515 4184 definite
538 4131 662 4182 date
685 4131 843 4198 given
867 4131 951 4181 for
974 4129 1066 4181 the
1087 4129 1273 4180 earlier
1291 4129 1600 4180 settlement
1624 4127 1682 4178 of
1705 4127 1814 4177 this
1832 4125 2045 4191 dispute
2064 4124 2240 4175 which
2261 4124 2303 4175 is
2323 4127 2575 4177 recorded

298 4219 355 4268 in
378 4217 472 4268 the
502 4220 712 4281 present
735 4214 883 4265 deed.
958 4214 1013 4265 It
1038 4212 1146 4263 will
1172 4213 1236 4264 be
1273 4212 1526 4263 observed
1562 4211 1686 4262 that
1721 4210 1819 4262 No.
1848 4212 1951 4261 295
1989 4209 2036 4259 is
2071 4209 2127 4257 in
2163 4209 2366 4259 several
2409 4212 2572 4275 parti-

297 4300 471 4352 cular-s
496 4315 638 4349 more
661 4298 859 4365 precise
884 4297 988 4347 and
1014 4296 1241 4347 definite.

374 4381 396 4415 ²
432 4382 583 4432 Some
621 4381 939 4446 expression,
982 4379 1114 4431 such
1156 4396 1214 4430 as
1260 4380 1427 4443 sopita
1474 4384 1558 4438 est,
1603 4393 1664 4427 or
1709 4376 1997 4440 conquievit,
2048 4374 2093 4425 is
2135 4374 2387 4441 requisite
2433 4376 2574 4439 here,

300 4467 410 4518 and
452 4465 545 4516 the
585 4465 747 4516 latter
786 4464 829 4514 is
870 4462 1150 4532 suggested
1192 4461 1385 4529 simply
1426 4460 1648 4512 because
1688 4459 1733 4509 it
1774 4460 1819 4509 is
1861 4458 1956 4509 the
2005 4458 2150 4509 word
2198 4458 2471 4526 employed
2519 4460 2574 4511 in

292 4551 392 4605 No,
426 4551 544 4599 295.
