3254 5140
808 600 1348 653 CARTULARIUM
1386 602 1790 654 ABBATHIAE
1825 603 1925 654 DE
1960 603 2330 658 WHITEBY.
2578 594 2700 653 509

426 769 734 826 consueta
793 770 859 827 et
917 763 1135 828 debita
1185 765 1545 830 sustinebit.
1639 767 1748 830 Ad
1804 768 2165 850 portionem
2222 789 2372 833 vero
2432 790 2576 853 quae
2634 770 2702 832 in

428 861 687 924 eadem1
747 863 1016 927 ecclesia
1089 884 1472 949 quocunque
1529 864 1722 929 modo
1779 867 2125 945 vacaverit,
2182 868 2404 931 licebit
2463 868 2706 932 eisdem

429 959 677 1024 Abbati
706 967 774 1025 et
816 962 1183 1027 Conventui
1212 984 1551 1046 personam
1595 964 1953 1048 igdoneam,
1982 987 2132 1030 cum
2174 967 2516 1044 vacaverit,
2546 987 2707 1050 prae-

432 1065 704 1124 sentere.
794 1060 955 1125 Haec
1015 1067 1232 1125 eutem
1291 1063 1510 1126 omnia
1568 1062 1855 1127 totaliter
1906 1064 2343 1129 ordinavimus
2399 1071 2478 1128 ut
2533 1064 2707 1127 idem

430 1157 715 1222 Clericus
745 1159 827 1222 ab
857 1159 1095 1224 eisdem
1128 1160 1385 1224 Abbate
1416 1167 1482 1225 et
1519 1161 1736 1238 Oonv,‚
1766 1161 1935 1226 sicut
1977 1163 2359 1246 praedictum
2404 1167 2518 1239 est,
2547 1182 2707 1245 prae-

429 1257 782 1320 sentandus
813 1257 1017 1322 nichil
1047 1260 1311 1323 omnino
1342 1260 1467 1324 nisi
1500 1260 1870 1343 quindecim
1900 1281 2144 1325 marcas
2189 1281 2438 1324 annuas
2467 1261 2537 1322 in
2569 1265 2708 1322 tota

429 1355 568 1420 vita
625 1356 783 1420 dicti
843 1357 1021 1422 Petri
1067 1358 1272 1441 possit
1315 1359 1578 1422 omnino
1623 1366 1857 1441 petere,
1901 1360 2006 1424 vel
2048 1359 2246 1424 etiam
2294 1359 2373 1423 de
2419 1357 2709 1442 propria²

429 1455 715 1533 ecclesia,
772 1456 882 1520 vel
952 1456 1170 1539 aliqua
1240 1458 1532 1540 portione
1605 1459 1763 1542 ejus,
1821 1459 1952 1523 nisi
2024 1459 2280 1524 easdem
2337 1458 2708 1541 quindecim

430 1574 696 1631 marcas,
754 1555 1015 1637 penitus
1087 1555 1442 1622 vendicare.
1560 1557 1649 1620 Et
1719 1564 1796 1621 ut
1853 1559 2184 1642 praemissa
2242 1559 2459 1622 omnia
2514 1557 2708 1621 robur

431 1652 768 1736 optineant
798 1653 1139 1730 firmitatis,
1168 1675 1261 1738 pr.
1295 1675 1410 1719 scr.
1456 1655 1668 1740 sigillo
1712 1665 1930 1721 nostro
1975 1656 2246 1721 fecimus
2291 1656 2709 1721 communiri:

432 1751 882 1829 Praesentibus,
913 1753 1227 1836 Magistro
1258 1754 1523 1837 Rogem,
1554 1755 1878 1819 Canonico
1920 1755 2238 1820 Beverlac.
2262 1779 2278 1835 ;
2322 1755 2596 1819 Ricardo
2627 1754 2707 1818 de

430 1851 618 1928 Serr',
646 1858 712 1916 et
746 1853 842 1915 W.
865 1852 942 1916 de
973 1851 1353 1928 Lincolnia?
1384 1853 1726 1918 Canonicis
1770 1854 1999 1936 Ripon'
2026 1877 2040 1917 ε
2086 1861 2151 1918 et
2181 1853 2370 1918 aliie.⁴
2457 1855 2706 1918 Datum

432 1949 609 2032 apud
668 1949 923 2028 Cawod,
980 1950 1188 2014 Nonis
1249 1951 1430 2028 Maii,
1489 1951 1912 2015 Pontificatus
1985 1953 2191 2016 nostri
2247 1953 2440 2016 Anno
2499 1958 2708 2014 xxxm⁰

431 2053 672 2112 octavo.
762 2047 1009 2112 Valete.

1399 2278 1735 2344 DLXVI.⁶

522 2416 715 2480 Anno
774 2415 929 2480 D'ni
989 2415 1275 2481 M⁰cc⁰l¹¹²⁰
1344 2417 1536 2482 tertio
1604 2417 1764 2481 Idus
1837 2415 2021 2494 Maii,
2079 2417 2151 2479 in
2225 2414 2462 2499 Majori
2533 2414 2707 2481 Aula

432 2514 725 2594 Westm„
753 2517 875 2581 sub
909 2517 1251 2601 praesentia
1291 2523 1358 2581 et
1399 2537 1666 2582 assensu
1713 2516 2036 2602 H[en1·ici]
2084 2516 2280 2600 Regis
2324 2515 2597 2600 Angliae‚
2643 2521 2709 2580 et

430 2614 748 2678 D'norum
814 2614 1153 2698 R[icardi]‚
1227 2616 1500 2680 Comitis
1579 2616 1878 2694 Cornub„
1930 2616 2142 2679 fratris
2202 2615 2345 2695 sui;
2419 2613 2706 2698 [Rogeri]

434 2713 705 2777 Comitis
764 2712 1024 2779 Northf.
1099 2720 1165 2778 et
1240 2714 1476 2791 Suthf„
1533 2714 1891 2778 Mariscalli
1963 2714 2258 2798 Angliae3
2331 2710 2404 2797 [J
2407 2711 2706 2796 ohannis]

436 2812 709 2878 Comitis
752 2813 1079 2893 Warwik3
1124 2819 1190 2877 et
1234 2813 1629 2895 H[umfridi]
1664 2813 1933 2878 Comitis
1975 2814 2309 2891 Herford’3
2354 2810 2707 2895 [Hugonis]

438 2912 710 2977 Comitis
770 2912 995 2989 Oxou„
1054 2917 1121 2976 et
1179 2911 1452 2976 aliorum
1518 2912 1906 2995 optimatum
1971 2912 2152 2996 regni
2209 2911 2709 2994 Angliae—Nos

438 3010 841 3088 Bonefacius,
902 3011 1126 3075 divina
1190 3010 1615 3088 miseratione,
1678 3011 1978 3075 Cantuar.
2049 3010 2449 3093 Archiep’us‚
2508 3008 2709 3072 totius

508 3144 527 3179 ¹
563 3146 733 3198 These
758 3147 947 3209 words,
974 3164 1089 3199 vero
1114 3164 1226 3213 quoe
1251 3148 1306 3198 ὄπ
1330 3147 1520 3209 eadem,
1549 3146 1745 3212 supply
1770 3147 1864 3197 the
1886 3146 2054 3196 blank
2079 3146 2137 3196 in
2161 3147 2226 3197 R.

506 3227 530 3262 ²
563 3233 694 3295 ipsa,
720 3231 784 3282 R.
2084 3227 2109 3261 ³
2159 3228 2229 3280 W.
2266 3229 2434 3290 huvel,
2462 3229 2526 3279 R„

505 3310 527 3345 ⁴
563 3313 628 3365 R.
654 3313 888 3380 supplies
910 3314 1006 3364 the
1028 3329 1210 3365 names
1234 3314 1292 3364 of
1315 3317 1424 3364 two
1449 3311 1604 3363 other
1629 3311 1920 3372 witnesses,
1950 3310 1982 3338 “
2002 3311 2089 3361 W.
2112 3310 2180 3361 de
2197 3310 2453 3372 Calverle,
2476 3311 2709 3362 Roberto

434 3396 503 3447 de
526 3396 842 3458 Brunartom
868 3396 1071 3448 clericis
1095 3395 1347 3448 nostris.’'

507 3475 531 3511 ⁶
566 3479 695 3529 This
718 3480 765 3529 is
788 3480 881 3530 the
901 3482 1351 3530 commencement
1374 3477 1431 3529 of
1453 3493 1486 3527 a
1509 3491 1646 3542 copy
1671 3476 1728 3527 of
1762 3477 1859 3528 the
1899 3481 1933 3506 “
1947 3476 2209 3528 Sentence
2246 3476 2302 3526 οἱ
2337 3475 2708 3527 Exoommuni-

436 3562 611 3613 oetion
651 3562 859 3629 against
899 3565 1279 3629 transgressore
1314 3561 1371 3613 of
1403 3559 1499 3611 the
1539 3560 1775 3611 chartei-s
1791 3558 1821 3587 ”
1859 3559 2150 3625 (reprinted
2185 3560 2242 3609 in
2279 3557 2519 3611 Stubbs’s
2554 3559 2711 3611 Selecc

438 3644 696 3708 Charton,
732 3662 784 3711 p.
824 3646 966 3708 373),
1004 3645 1142 3696 from
1176 3645 1271 3696 the
1307 3644 1539 3705 Foedera,
1564 3642 1599 3695 i.
1640 3660 1690 3709 p.
1730 3645 1850 3707 289,
1889 3643 1997 3694 and
2033 3642 2371 3704 Blackstone,
2397 3642 2532 3694 with
2567 3659 2710 3693 some

438 3728 608 3778 minor
629 3727 932 3780 variatione.
1007 3727 1155 3778 Thus
1179 3727 1273 3777 the
1296 3726 1423 3778 date
1457 3729 1584 3779 here
1621 3727 1667 3777 is
1710 3727 1863 3790 1250,
1888 3726 1990 3778 but
2024 3726 2081 3776 in
2119 3725 2366 3777 Stubbs’s
2389 3742 2525 3791 copy
2555 3728 2710 3786 1263,

434 3809 541 3861 and
564 3811 612 3862 it
633 3809 680 3861 is
703 3810 1042 3876 noteworthy
1066 3811 1189 3861 that
1223 3809 1482 3862 Ricardus
1520 3808 1643 3876 Ep's
1679 3809 1816 3861 Roff.
1843 3807 1969 3860 died
2005 3810 2062 3859 in
2104 3811 2256 3871 1260,
2282 3808 2387 3859 and
2413 3807 2560 3859 Win’
2585 3808 2712 3874 Ep’s

437 3894 679 3960 Wygorn
710 3894 769 3944 in
802 3894 896 3946 the
932 3910 1075 3945 same
1110 3909 1252 3959 year,
1278 3892 1373 3944 the
1408 3893 1609 3944 former
1642 3892 1802 3959 being
1837 3892 2123 3943 succeeded
2158 3892 2233 3957 by
2257 3891 2513 3942 Laurenc'
2548 3890 2616 3941 de
2653 3893 2704 3943 S.

438 3974 658 4028 Martin'
693 3977 750 4027 in
792 3979 941 4040 1251,
967 3976 1076 4027 and
1109 3976 1204 4028 the
1240 3976 1405 4027 latter
1437 3976 1515 4042 by
1537 3976 1740 4041 Aymer
1774 3974 1840 4025 de
1877 3974 2142 4040 Lesignan
2177 3974 2236 4024 in
2277 3976 2426 4025 1250.
2500 3975 2713 4043 Among

436 4059 532 4110 the
574 4060 863 4111 variatione
905 4076 992 4110 are
1037 4064 1068 4087 “
1087 4060 1143 4109 in
1179 4075 1374 4125 magna
1416 4059 1541 4109 aula
1581 4058 1744 4124 Regis
1779 4057 1922 4122 apud
1956 4056 2232 4121 Westm',''
2269 4056 2480 4107 instead
2520 4057 2578 4108 of
2617 4058 2710 4108 the

436 4142 656 4209 reading
678 4142 735 4192 in
759 4143 852 4193 the
874 4146 994 4194 text
1016 4160 1030 4203 ς
1070 4146 1103 4170 “
1123 4141 1343 4193 Henrioi
1380 4142 1481 4193 Dei
1517 4158 1591 4209 gr.
1619 4140 1845 4191 illustris
1881 4139 2041 4206 Regis
2063 4139 2119 4201 ;’'
2155 4138 2314 4189 while
2340 4139 2502 4189 “J—
2525 4140 2712 4191 Comes

439 4225 672 4275 warwic
687 4224 716 4247 ”
758 4242 933 4276 comes
975 4225 1115 4275 after
1149 4224 1244 4276 the
1280 4223 1435 4275 other
1470 4228 1579 4275 two
1617 4223 1802 4274 nobles
1837 4222 2045 4285 named,
2072 4222 2128 4271 in
2164 4221 2407 4272 addition
2443 4225 2501 4272 to
2537 4222 2712 4290 Roget·

440 4307 564 4358 Earl
606 4307 663 4357 of
702 4306 968 4358 Norfolk:
1018 4306 1112 4357 the
1154 4305 1533 4372 Atchbishop’s
1571 4322 1728 4356 name
1770 4306 1816 4356 is
1857 4304 1985 4370 only
2021 4303 2291 4355 indicated
2327 4303 2403 4368 by
2435 4320 2505 4354 an
2538 4304 2712 4355 initial

438 4390 612 4452 letter,
638 4407 696 4441 as
720 4390 778 4441 in
799 4390 892 4440 the
917 4390 1071 4441 other
1094 4405 1238 4441 cases
1257 4408 1273 4451 ;
1314 4390 1535 4440 candelis
1558 4388 1745 4441 stands
1781 4388 1991 4438 instead
2026 4386 2083 4438 of
2115 4387 2448 4447 eundemne,
2476 4391 2531 4438 et
2569 4388 2711 4437 liber—

440 4479 608 4523 tatum
628 4490 715 4525 scu
740 4474 1014 4524 liberarum
1036 4472 1246 4523 instead
1268 4471 1326 4523 of
1347 4471 1441 4523 the
1465 4472 1724 4524 incon-eet
1743 4473 2044 4532 libertatum,
2070 4470 2280 4521 besides
2304 4470 2398 4521 the
2422 4470 2713 4521 occasional

438 4557 817 4622 transposition
844 4556 901 4606 of
925 4559 1034 4607 two
1060 4555 1248 4617 words,
1275 4555 1383 4606 and
1406 4555 1501 4606 the
1525 4554 1775 4606 omission
1799 4554 1855 4605 of
1877 4554 2201 4618 solempniter
2225 4553 2406 4605 before
2428 4554 2647 4604 tulimus.
