3254 5140
714 609 1260 663 CARTULARIUM
1298 609 1705 662 ABBATHIAE
1742 609 1840 659 DE
1875 608 2246 661 WHITEBY.
2510 594 2634 655 547

347 796 407 840 s.
441 796 522 852 n.,
553 776 1004 842 officiariorum
1048 775 1282 839 Justic.
1332 780 1400 837 et
1429 773 1869 838 ministrorum
1915 780 2298 850 nostrorum,
2342 774 2402 837 h.
2436 772 2557 836 vel.
2588 790 2636 834 s,

360 895 419 938 n.
454 874 662 958 praed.,
706 881 774 938 et
815 874 1089 938 aliorum
1133 875 1178 938 J
1183 872 1383 948 ustio„
1430 873 1590 948 Esc.‚
1618 873 1852 950 Vicec.‚
1889 872 2384 950 Coronatorum„
2432 871 2639 945 Adm„

359 972 540 1037 Cust.
574 972 844 1049 March„
874 973 1218 1056 Majorum,
1249 971 1430 1048 Ball„
1462 971 1787 1048 Constab.,
1816 991 1930 1035 seu
1974 972 2215 1036 minist.
2257 976 2639 1046 nostrorum,

359 1070 421 1134 h.
445 1072 552 1136 vel
580 1093 629 1137 s,
660 1093 742 1149 n.,
771 1091 1322 1156 quorumcunque,
1350 1070 1504 1134 licet
1533 1070 1907 1154 hujusmodi
1937 1071 2227 1135 homines
2252 1078 2320 1135 et
2346 1076 2641 1135 tenentes

357 1169 809 1253 praedictorum
854 1190 1029 1234 nunc
1074 1170 1235 1233 Abb.
1282 1177 1349 1234 et
1393 1170 1612 1246 Coma,
1645 1175 1711 1234 et
1740 1190 1787 1234 S.
1834 1190 2095 1234 suorum
2141 1170 2491 1234 residentes
2536 1168 2642 1233 vel

358 1289 491 1331 non
521 1289 657 1344 res„
685 1289 799 1333 seu
830 1270 943 1334 alii
972 1288 1088 1333 ree.
1121 1268 1510 1352 quicunque,
1540 1269 1708 1332 infra
1739 1290 1813 1333 ao
1857 1289 2050 1352 super
2078 1269 2267 1346 d'nia,
2297 1268 2465 1346 t'ras,
2493 1274 2642 1343 ten„

360 1370 430 1430 et
479 1367 668 1431 feoda
717 1368 934 1451 praed„
985 1367 1066 1431 de
1118 1367 1320 1442 nobie,
1371 1367 1518 1430 haer.
1572 1368 1680 1431 vel
1728 1389 1774 1431 s,
1824 1369 2077 1446 nostriS,
2129 1389 2243 1433 seu
2289 1368 2371 1433 de
2421 1368 2641 1450 aliqua

360 1466 491 1529 alia
541 1467 645 1531 vel
697 1467 1022 1549 aliquibus
1072 1465 1219 1530 aliis
1272 1487 1542 1550 persona
1591 1467 1697 1531 vel
1749 1468 2056 1551 personis,
2103 1467 2259 1532 alibi
2298 1468 2643 1542 tenuerint,

362 1566 471 1631 vel
535 1587 755 1631 eorum
813 1566 1050 1649 aliquis
1104 1566 1423 1630 tenuerit:
1498 1566 1654 1630 licet
1713 1568 1910 1631 etiam
1967 1568 2165 1632 iidem
2223 1567 2517 1632 homines
2577 1577 2644 1631 et

360 1671 656 1729 tenentes
714 1665 1066 1729 residentes
1118 1664 1223 1729 vel
1273 1684 1404 1728 non
1451 1685 1586 1741 rea,
1639 1665 1743 1729 vel
1807 1666 1921 1729 alii
1971 1687 2087 1731 res,
2141 1668 2355 1750 praed.,
2417 1666 2644 1731 ballivi

364 1764 471 1828 vel
514 1764 798 1827 ministri
840 1763 1162 1827 dictorum
1223 1784 1397 1828 nunc
1445 1764 1612 1828 Abb.
1675 1770 1742 1828 et
1790 1764 1989 1829 ConV.
2034 1773 2100 1829 et
2151 1786 2315 1830 succ.
2363 1786 2645 1841 suorum,

363 1869 482 1926 aut
537 1862 814 1944 alicujus
887 1862 1154 1926 alterius
1228 1882 1516 1945 personae
1575 1863 1878 1939 existant,
1935 1863 2041 1928 vel
2115 1884 2335 1928 eorum
2409 1864 2645 1948 aliquis

363 1961 638 2025 existat:
691 1960 846 2025 licet
889 1960 1085 2024 etiam
1130 1960 1329 2043 plegii
1373 1960 1495 2036 sui,
1538 1967 2029 2044 manucaptores
2075 1961 2396 2026 dictorum
2438 1963 2646 2027 homi-

365 2080 526 2122 num
565 2065 632 2124 et
675 2060 1041 2124 tenent-ium
1075 2059 1499 2123 residentium
1548 2059 1656 2122 vel
1701 2081 1829 2122 non
1871 2081 1988 2124 res.
2030 2060 2499 2143 praedictorum,
2540 2063 2646 2126 vel

363 2157 641 2240 alicujus
688 2177 927 2234 eorum,
980 2157 1059 2221 de
1108 2157 1313 2232 nobis,
1363 2156 1509 2220 haer.
1560 2156 1679 2221 vel.
1727 2178 1774 2222 e.
1823 2179 1901 2233 n.,
1945 2157 2049 2220 vel
2095 2156 2315 2241 aliqua
2358 2159 2500 2236 alia,
2531 2180 2646 2224 seu

364 2257 693 2339 aliquibus
737 2256 882 2320 aliis
926 2276 1200 2341 persona
1230 2254 1334 2319 vel
1375 2256 1666 2338 personis
1703 2256 1860 2320 alibi
1905 2256 2251 2333 tenuerint,
2281 2257 2387 2323 vel
2428 2279 2644 2323 eorum

365 2355 604 2438 aliquis
633 2355 932 2432 tenuerit,
965 2354 1069 2419 vel
1105 2353 1291 2419 resid.
1323 2354 1430 2418 vel
1471 2375 1599 2418 non
1642 2354 1849 2431 resid.,
1878 2354 2162 2418 residens
2193 2364 2307 2419 aut
2342 2377 2472 2420 non
2507 2377 2648 2432 res,

366 2475 563 2538 super
610 2455 827 2518 omnia
878 2454 1030 2518 t'ras
1081 2459 1148 2517 et
1200 2453 1390 2516 feoda
1441 2453 1633 2536 praed.
1696 2474 1828 2517 non
1888 2454 2192 2530 existant,
2254 2476 2368 2519 seu
2428 2476 2646 2519 eorum

365 2553 606 2637 aliquis
646 2575 771 2618 non
820 2553 1073 2617 existat.
1165 2552 1614 2617 concessimus
1652 2552 1849 2617 etiam
1893 2553 2137 2618 eisdem
2183 2576 2356 2618 nunc
2386 2555 2551 2619 Abb.
2585 2564 2649 2620 et

370 2657 568 2719 Conv.
601 2652 771 2735 quod
805 2652 949 2734 ipsi,
980 2658 1043 2715 et
1076 2671 1240 2715 succ.
1275 2652 1377 2714 sui
1423 2652 1714 2734 imperp.,
1750 2652 1883 2715 sint
1915 2653 2121 2734 quieti
2150 2652 2231 2717 de
2266 2654 2650 2717 omnimodis

370 2752 564 2816 sectis
595 2750 949 2826 Shirarum,
980 2749 1358 2825 civitatum,
1405 2748 1927 2826 Hundredorum‚
1966 2751 2556 2836 Wapentagiorum‚
2586 2759 2651 2815 et

370 2850 853 2933 Trithingorum
902 2856 1285 2923 nostrorum,
1335 2847 1394 2910 h.
1437 2855 1504 2911 et
1547 2869 1593 2911 S.
1643 2869 1723 2924 n.,
1768 2869 1843 2912 ac
1888 2848 1967 2913 de
2012 2850 2240 2914 multis
2291 2872 2365 2915 ac
2406 2852 2653 2915 miseri-

370 2948 625 3024 cordiis,
667 2968 782 3030 per
839 2952 1051 3010 totum
1103 2966 1371 3029 regnum
1432 2953 1724 3010 nostrum
1784 2947 2054 3031 Angliae,
2114 2957 2181 3012 et
2232 2951 2404 3032 quod
2454 2951 2653 3014 iidem

372 3046 594 3111 Abbas
625 3055 690 3110 et
722 3047 920 3111 Conv.
957 3052 1023 3109 et
1045 3066 1211 3109 succ.
1242 3045 1346 3109 sui
1375 3045 1644 3128 imperp.
1680 3045 1961 3110 habeant
1990 3053 2056 3110 et
2085 3049 2484 3114 constituant
2528 3051 2654 3114 sibi

374 3146 654 3211 Clericos
701 3145 978 3208 Mel-cati
1022 3145 1090 3207 in
1123 3143 1330 3219 d'niis,
1361 3144 1514 3218 t’ris,
1545 3150 1778 3207 tenem.
1811 3148 1877 3206 et
1923 3144 2127 3208 feodis
2172 3146 2306 3209 suis
2348 3147 2559 3229 praed„
2588 3156 2654 3211 et

372 3245 546 3329 quod
575 3244 767 3308 iidem
804 3242 1038 3318 clerici,
1068 3249 1135 3307 et
1179 3263 1398 3307 eorum
1428 3242 1723 3325 quilibet,
1752 3241 2036 3306 habeant
2065 3250 2131 3307 et
2159 3242 2392 3307 habeat
2434 3245 2653 3328 plena-

371 3344 534 3407 riam
593 3347 979 3425 potestatem
1030 3340 1372 3404 exercendi
1422 3340 1641 3403 omnia
1689 3339 1761 3402 in
1814 3339 2022 3416 d'niia
2077 3341 2229 3417 t'ris,
2282 3348 2534 3420 tenem.‚
2587 3352 2653 3408 et

373 3441 580 3506 feodis
638 3440 1008 3523 hujusmodi
1061 3460 1205 3523 quae
1257 3439 1339 3502 ad
1391 3438 1675 3502 officium
1737 3438 1968 3502 Clerici
2030 3440 2306 3504 Meroati
2366 3442 2656 3525 Hospitii

375 3540 596 3616 nostri,
656 3539 715 3603 h.
769 3547 836 3604 et
888 3560 934 3603 s.
985 3560 1066 3616 n.,
1117 3538 1447 3621 pertinent
1493 3538 1847 3602 exercenda
1869 3539 2079 3603 :—Ita
2136 3539 2306 3624 quod
2370 3542 2655 3606 Clericus

376 3639 651 3704 Mercati
683 3638 971 3721 Hospitii
1001 3636 1224 3712 nostri,
1254 3635 1314 3700 h.
1347 3643 1413 3700 et
1443 3657 1489 3700 s.
1538 3657 1618 3711 n.,
1649 3657 1717 3699 se
1749 3636 1814 3698 in
1848 3637 2055 3714 d'niis,
2086 3637 2239 3715 t'riS,
2269 3646 2520 3715 tenem„
2551 3640 2657 3703 vel

373 3738 581 3803 feodis
626 3736 835 3819 praed.,
879 3736 961 3800 ad
1004 3734 1269 3819 aliquod
1313 3734 1594 3798 officium
1650 3736 1718 3798 in
1772 3735 1945 3810 eisd„
1991 3736 2096 3801 vel
2152 3758 2369 3801 eorum
2422 3739 2657 3822 aliqu0,

374 3834 744 3899 faciendum
796 3833 1171 3898 nullatenus
1220 3833 1626 3897 intromittat.
1718 3834 1805 3896 Et
1856 3835 2030 3915 quod
2074 3836 2270 3898 iidem
2318 3837 2540 3900 Abbas
2592 3846 2658 3901 et

376 3935 578 3999 Conv‚
610 3939 677 3998 et
720 3953 885 3997 succ.
928 3932 1031 3996 sui
1076 3932 1341 4015 imperp.
1374 3931 1656 3995 habeant
1688 3933 1973 4015 proprias
2014 3934 2303 4016 prisonas
2348 3941 2415 3998 et
2441 3936 2658 4019 gaolas

374 4054 526 4098 suas
570 4033 642 4096 in
694 4031 870 4108 villa,
919 4032 1219 4095 libertate
1266 4051 1340 4094 ao
1388 4030 1560 4093 d'nio
1604 4050 1721 4094 suo
1767 4030 1846 4093 de
1876 4030 2168 4114 Whitby,
2212 4053 2285 4097 ac
2331 4054 2479 4098 soca
2522 4036 2659 4100 sive

376 4130 689 4197 Stranda¹
720 4130 1008 4213 ejusdem
1034 4135 1262 4194 vocata
1283 4128 1889 4211 Whitby-strande3
1935 4149 2010 4192 ac
2039 4138 2425 4212 potestatem
2461 4135 2660 4218 assig-
2752 4132 2765 4138 ’

449 4321 467 4353 ¹
504 4317 618 4369 The
635 4333 728 4369 une
747 4316 802 4369 of
819 4316 911 4368 the
930 4315 1080 4367 word
1106 4320 1138 4345 ‘⁸
1158 4315 1355 4368 Strand
1370 4314 1400 4340 ’²
1426 4316 1551 4366 here
1577 4331 1637 4366 as
1651 4314 2018 4366 oo-ordinated
2035 4316 2168 4367 with
2180 4332 2312 4381 coca,
2333 4318 2464 4371 both
2482 4319 2535 4371 in
2552 4321 2661 4372 this

375 4402 526 4469 place
545 4400 651 4452 and
670 4405 778 4451 two
797 4417 858 4450 or
869 4399 1022 4450 three
1040 4398 1174 4449 lines
1191 4398 1370 4459 lower,
1394 4398 1439 4449 ia
1461 4398 1590 4449 both
1608 4398 1821 4449 curione
1838 4398 1944 4449 and
1962 4398 2293 4467 interesting,
2318 4402 2663 4470 particularly

376 4485 537 4537 when
560 4484 607 4534 it
631 4483 677 4535 ie
701 4483 865 4534 borne
890 4482 945 4532 in
971 4481 1119 4532 mind
1143 4482 1267 4533 that
1291 4480 1518 4546 Whitby
1543 4481 1744 4533 Strand
1769 4480 1994 4533 reached
2026 4482 2176 4549 eight
2210 4484 2360 4536 miles
2395 4486 2577 4538 inland
2604 4489 2659 4537 in

377 4567 570 4633 places,
595 4566 702 4617 and
731 4566 866 4615 from
895 4563 1149 4629 Blawych
1175 4564 1278 4615 lert
1302 4564 1396 4615 the
1419 4580 1509 4615 sea
1534 4563 1778 4629 entirely,
1809 4564 1902 4615 the
1936 4564 2217 4631 bouudary
2240 4569 2468 4636 running
2502 4570 2659 4619 down
