3254 5140
629 613 757 672 650
996 622 1541 677 CARTULARIUM
1579 622 1985 675 ABBATHIAE
2022 621 2120 673 DE
2155 621 2528 676 WHITEBY.

620 788 803 852 Ianos
832 793 1141 872 perpetuo
1170 788 1396 853 divina
1422 788 1855 853 celebraturos
1885 788 1954 850 in
1980 786 2244 870 Capella
2273 786 2346 851 B.
2374 785 2601 850 Mariae
2621 784 2918 868 Virginis

623 893 690 952 et
720 888 780 952 S.
812 887 1034 953 Elenae
1061 888 1132 952 in
1160 888 1493 974 Wykham
1523 887 1880 953 secundum
1910 887 2185 951 formam
2215 885 2654 963 ordinationis,
2678 887 2920 950 statuti

622 994 690 1051 et
719 986 961 1052 decreti
987 988 1398 1054 Venerabilis
1426 989 1629 1073 patris
1660 987 1817 1051 D’ni
1846 985 2162 1050 Willelmi
2190 987 2271 1051 D.
2298 985 2375 1051 G.
2398 984 2747 1068 Archiep’i,
2775 992 2918 1062 etc,

625 1106 739 1169 pro
781 1086 1001 1151 anima
1042 1087 1248 1171 ipsius
1277 1089 1323 1153 J
1327 1087 1599 1151 ohannis
1639 1094 1707 1151 et
1747 1085 2084 1149 animabus
2129 1084 2423 1148 omnium
2465 1082 2758 1148 fidelium
2803 1082 2919 1147 de-

626 1186 1436 1251 functorum—Reddendo
1488 1193 1554 1250 et
1597 1185 1894 1250 faciendo
1938 1184 2183 1249 eisdem
2225 1182 2578 1266 capellanis
2629 1187 2699 1247 et
2742 1202 2913 1247 succ.

626 1285 760 1348 suis
788 1285 857 1348 in
890 1285 1066 1349 dicta
1095 1285 1343 1370 capella
1385 1284 1803 1350 celebraturis
1847 1282 2026 1347 omni
2068 1302 2239 1347 anno
2281 1282 2356 1345 in
2399 1286 2784 1365 perpetuum
2817 1281 2914 1344 xii

628 1403 871 1448 marcas
900 1384 1150 1467 argenti
1179 1389 1488 1450 exeuntes
1519 1384 1600 1448 de
1632 1383 1932 1448 omnibus
1964 1388 2030 1446 et
2059 1381 2333 1466 singulis
2364 1381 2551 1445 terris
2581 1386 2649 1445 et
2675 1386 2912 1445 tenem.

626 1480 1101 1565 praed—videl.
1132 1483 1400 1547 cuilibet
1443 1481 1794 1548 eorundem
1837 1481 2241 1546 sacerdotum
2272 1480 2565 1565 quolibet
2593 1500 2767 1544 anno
2796 1500 2914 1543 sex

629 1600 873 1644 marcas
938 1582 1190 1664 argenti
1254 1580 1539 1646 solvend.
1598 1581 1843 1645 eisdem
1909 1579 2280 1664 capellanis,
2336 1579 2443 1644 vel
2507 1580 2628 1643 uni
2691 1599 2915 1643 eorum

628 1678 896 1760 petenti,
925 1683 991 1742 et
1020 1699 1240 1743 eorum
1270 1699 1438 1744 succ.
1470 1679 1649 1743 omni
1692 1699 1867 1743 anno
1909 1679 1981 1743 in
2024 1699 2221 1763 perp„
2249 1679 2424 1762 apud
2454 1677 2786 1761 Wykham
2831 1677 2916 1740 ad

631 1776 798 1840 festa
841 1777 1252 1843 Pentecostes
1296 1785 1364 1842 et
1410 1779 1471 1843 S.
1514 1779 1708 1842 Mart.
1739 1779 1812 1842 in
1855 1798 2042 1861 yeme
2084 1799 2201 1862 per
2244 1777 2523 1862 aequales
2566 1777 2914 1861 portiones.

630 1874 718 1937 Et
745 1874 894 1941 Joh.
927 1875 1006 1941 de
1033 1875 1365 1961 Wykham
1409 1877 1598 1961 praed.
1632 1883 1699 1942 et
1736 1878 1885 1942 haer.
1918 1878 2022 1941 sui
2065 1877 2283 1942 omnia
2324 1882 2391 1941 et
2434 1875 2690 1961 singula
2730 1876 2915 1953 tofta,

630 1975 798 2052 t’ras,
826 1974 997 2040 redd.
1030 1983 1097 2040 et
1126 1983 1357 2041 tenem.
1403 1975 1618 2060 praed„
1649 1996 1800 2040 cum
1843 1997 2012 2040 omn.
2043 1983 2112 2041 et
2145 1977 2306 2060 sing.
2347 1983 2508 2059 pert.
2538 1975 2691 2051 suis,
2718 1974 2914 2038 dictis

632 2074 958 2139 Priorissae
986 2081 1054 2141 et
1084 2075 1284 2140 Conv.
1318 2076 1497 2139 Mon.
1530 2074 1610 2139 de
1640 2075 1992 2158 Wykham,
2019 2082 2088 2140 et
2125 2095 2348 2139 eorum
2391 2094 2580 2150 succ„
2605 2074 2679 2137 in
2707 2074 2917 2137 forma

631 2173 825 2255 praed.
854 2193 904 2238 c.
937 2193 1159 2239 omnes
1189 2174 1702 2238 warentizabunt
1744 2180 1810 2237 et
1845 2172 1969 2239 def.
2000 2173 2072 2235 in
2100 2179 2499 2257 perpetuum.
2590 2173 2674 2236 In
2704 2193 2755 2236 c.
2787 2192 2836 2237 r.
2866 2178 2913 2236 t.

631 2273 801 2355 parti
843 2293 1025 2356 praes.
1062 2294 1113 2340 c.
1153 2274 1508 2338 indentatae
1550 2294 1748 2358 penes
1792 2272 2132 2357 praedictos
2177 2273 2555 2337 Priorissam
2599 2279 2666 2338 et
2712 2272 2913 2337 Couv,

632 2373 994 2437 remanenti
1050 2372 1226 2438 idem
1276 2375 1322 2438 ,J
1326 2373 1612 2438 ohannes
1664 2373 1746 2438 de
1795 2373 2127 2457 Wykham
2181 2372 2294 2457 sig.
2342 2393 2535 2437 suum
2592 2372 2916 2455 apposuit,

632 2475 700 2533 et
742 2469 930 2534 alteri
973 2472 1146 2554 parti
1189 2473 1478 2555 ejusdem
1522 2492 1573 2537 c.
1605 2492 1805 2555 penes
1849 2473 2129 2537 eundem
2156 2473 2202 2536 ,J
2206 2471 2528 2536 ohannem
2569 2491 2722 2536 rem.
2754 2470 2917 2534 dicti

635 2568 944 2634 Priorissa
987 2578 1054 2634 et
1099 2572 1296 2637 ConV.
1329 2572 1441 2655 sig.
1479 2593 1706 2637 comm.
1737 2573 1843 2637 sui
1886 2572 2177 2657 Capituli
2219 2579 2670 2657 apposuerunt.
2761 2572 2917 2636 Hiis

633 2669 926 2735 testibus.
1012 2669 1184 2734 D’no
1229 2669 1524 2735 Gilberto
1567 2670 1650 2736 de
1692 2670 1909 2751 Aton3
1952 2672 2121 2736 D'no
2150 2671 2522 2736 Alexandro
2553 2670 2634 2736 de
2666 2672 2917 2755 Bargh3

634 2766 978 2833 Militibus.
1051 2769 1097 2832 ,J
1102 2768 1355 2832 ohanne
1378 2767 1458 2832 de
1482 2768 1744 2834 Dalton.
1817 2769 2151 2835 Willelmo
2172 2770 2254 2835 de
2274 2770 2537 2854 Wyern.
2611 2770 2657 2834 J
2660 2770 2918 2836 ohanne

634 2866 887 2949 Mox-yn.
961 2866 1295 2931 Willelmo
1325 2867 1511 2933 Bard.
1601 2869 1934 2934 Willelmo
1964 2869 2490 2954 Thurnes[cogh].
2576 2869 2917 2934 Willelmo

634 2965 713 3028 de
774 2965 1176 3050 Westhorpe.
1284 2966 1616 3031 Willelmo
1677 2965 1758 3032 de
1824 2968 2088 3034 Roston.
2197 2968 2444 3031 Thoma
2503 2967 2585 3031 de
2650 2967 2916 3033 Roston.

633 3064 878 3129 Thoma
918 3065 1000 3130 de
1037 3064 1349 3149 Wylton3
1395 3073 1463 3129 et
1504 3065 1669 3130 aliis.
1757 3065 2006 3130 Datum
2045 3066 2220 3150 apud
2248 3066 2579 3150 Wykham
2597 3065 2917 3152 ‘vicesimo

635 3165 740 3230 die
770 3165 1010 3230 mensis
1038 3166 1084 3230 J
1087 3165 1229 3229 unii
1257 3165 1338 3230 A.
1370 3165 1478 3229 Gr.
1510 3174 1730 3229 M⁰ccc⁰
1757 3166 2065 3230 vicesimo
2093 3165 2318 3249 primo,

717 3265 817 3329 Ac
847 3264 1044 3328 etiam
1085 3263 1379 3348 praedicti
1410 3263 1721 3328 Priorissa
1749 3270 1816 3328 et
1846 3264 2046 3328 Conv.
2078 3264 2256 3328 Mon.
2289 3263 2370 3329 de
2398 3263 2731 3347 Wykham
2761 3264 2916 3328 sub·

634 3364 968 3428 mittentes
998 3383 1066 3428 se
1096 3368 1164 3427 et
1191 3383 1359 3428 succ.
1390 3382 1557 3439 suos,
1588 3383 1663 3426 ac
1692 3361 1890 3427 etiam
1929 3363 2265 3428 ecclesiam
2307 3364 2503 3448 praed.
2533 3369 2599 3428 et
2628 3364 2915 3427 Domum

634 3483 820 3527 suam
864 3462 1269 3539 ordinationi,
1313 3466 1576 3539 statutO,
1604 3461 1880 3538 decreto,
1923 3461 2135 3540 laud0,
2179 3463 2460 3540 arbitrio,
2495 3463 2802 3527 decisioni
2847 3468 2919 3527 et

632 3561 1008 3625 diffinitioni
1051 3561 1288 3625 nostris
1333 3581 1526 3645 super
1567 3560 1868 3625 omnibus
1913 3566 1979 3625 et
2021 3560 2295 3646 singulis
2339 3561 2628 3626 articulis
2672 3561 2919 3625 dictam

634 3657 1006 3735 cantariam,
1036 3666 1102 3724 et
1131 3658 1213 3722 de
1243 3660 1382 3743 ejus
1411 3659 1719 3724 firmitate
1748 3660 2244 3743 quibuscunque
2274 3660 2481 3726 modis
2510 3660 2650 3724 fieri
2677 3661 2918 3743 poterit

633 3757 947 3832 faciendo,
987 3757 1522 3841 qualitercunque
1554 3758 1988 3843 tangentibus,
2023 3779 2139 3842 per
2165 3757 2383 3825 literas
2428 3779 2576 3823 suas
2619 3764 2918 3843 patentes

634 3855 865 3920 harum
918 3856 1150 3921 seriem
1201 3857 1610 3921 continentes
1635 3857 2080 3922 2—Universis
2127 3878 2280 3923 vero
2338 3858 2637 3923 fidelibus
2695 3865 2919 3942 pateat

632 3975 748 4038 per
804 3960 1152 4039 praesentes
1209 3954 1384 4038 quod
1441 3977 1578 4034 nos,
1638 3956 1936 4033 Isabella,
1995 3955 2307 4022 Priorissa
2377 3958 2769 4023 Monialium
2834 3957 2918 4022 de

632 4053 984 4138 Wykham,
1012 4061 1091 4130 et,
1118 4054 1409 4138 ejusdem
1452 4054 1579 4119 loci
1611 4054 2005 4133 Conventus,
2035 4055 2118 4119 ad
2161 4055 2714 4133 consentiendum,
2744 4076 2916 4121 com-

631 4152 1142 4236 promittentium
1172 4158 1240 4218 et
1267 4153 1786 4219 submittendum
1816 4174 1933 4219 nos
1965 4161 2033 4219 et
2061 4174 2226 4219 succ.
2251 4162 2522 4231 nostros,
2550 4155 2916 4220 ecclesiam-

630 4271 759 4333 que
788 4255 1075 4315 nostram
1105 4252 1185 4316 de
1214 4252 1545 4336 Wykham
1575 4273 1772 4337 quam
1801 4252 1870 4316 in
1900 4253 2191 4337 proprios
2233 4273 2392 4317 usus
2437 4253 2824 4330 obtinemus,
2851 4260 2922 4319 et

631 4349 918 4412 Domum
946 4355 1231 4414 nostram
1261 4370 1454 4434 super
1475 4352 1749 4435 quadam
1782 4356 2093 4435 perpetua
2121 4352 2408 4416 cantaria
2435 4352 2486 4415 ii
2514 4352 2920 4416 sacerdotum

630 4447 702 4509 in
747 4446 1011 4529 Capella
1056 4450 1125 4513 B.
1174 4449 1400 4514 Mariae
1443 4451 1619 4534 Virg.
1668 4456 1735 4515 et
1779 4450 1842 4515 S.
1878 4450 2098 4515 Elenae
2140 4451 2214 4514 in
2256 4451 2589 4535 Wykham
2632 4450 2704 4513 in
2748 4458 2922 4515 terra

629 4544 982 4629 parochiali
1055 4547 1344 4612 matricis
1410 4548 1696 4614 ecclesiae
1754 4555 1991 4613 nostrae
2053 4550 2250 4634 praed,
2310 4571 2426 4634 per
2482 4570 2619 4626 nos,
2676 4550 2919 4615 nostris

629 4642 996 4725 sumptibus
1025 4645 1315 4727 propriis,
1357 4645 1591 4730 [omni]
1638 4654 1926 4732 tempore
1969 4649 2380 4726 invenienda,
2424 4653 2490 4713 et
2534 4649 2674 4731 ejus
2718 4649 2919 4713 firmi·
