3254 5140
734 655 1279 709 CARTULARIUM
1317 657 1722 709 ABBATHIAE
1757 659 1854 710 DE
1889 659 2261 712 WHITEBY.
2515 652 2638 708 359

371 817 629 900 plenius
660 821 1042 898 continetur,
1072 823 1193 886 sub
1223 822 1342 886 tali
1386 823 1752 888 conditione
1784 823 1956 907 quod
1999 826 2293 908 praedicti
2321 827 2543 891 Abbas
2575 836 2642 890 et

370 917 592 995 Conv.,
635 924 703 984 et
745 940 1138 986 successores
1179 922 1281 987 sui
1325 923 1396 986 in
1439 943 1611 1007 perp.
1659 929 2009 999 manentes,
2053 924 2388 989 invenient
2431 947 2637 989 unum

370 1017 792 1101 Capelianum
822 1023 1127 1086 idoneum
1157 1030 1223 1086 et
1251 1023 1505 1099 abilem,
1542 1023 1865 1105 jacentem
1897 1030 1961 1086 et
1992 1023 2457 1102 sublevantem,
2487 1045 2636 1089 noc-

365 1124 612 1182 tantem
644 1127 709 1183 et
738 1120 1110 1199 dietantem,
1138 1123 1210 1185 in
1237 1120 1428 1205 praed.
1456 1123 1799 1205 mesuagi0‚
1830 1142 1979 1185 cum
2008 1143 2137 1186 uno
2168 1125 2483 1188 serviente
2513 1124 2637 1187 sibi

366 1216 734 1299 adjuvante,
781 1241 895 1302 pro
948 1222 1211 1285 servitio
1260 1221 1480 1284 divino
1532 1221 1604 1283 in
1658 1220 1923 1304 Capella
1981 1220 2062 1286 de
2113 1223 2179 1285 N
2181 1230 2394 1287 ewton
2447 1224 2636 1307 praed.

366 1316 605 1381 ibidem
651 1318 1095 1398 celebrantem,
1140 1341 1287 1384 cum
1333 1320 1632 1384 omnibus
1676 1320 1821 1383 aliis
1865 1322 2296 1398 sacramentis,
2340 1324 2639 1387 omnibus

368 1421 433 1478 et
476 1416 747 1501 singulis
791 1418 1194 1501 parochianis
1253 1420 1725 1503 pertinentibus
1772 1420 1961 1483 dictae
2011 1420 2187 1485 villae
2236 1421 2315 1485 de
2360 1422 2638 1487 Newton

374 1515 867 1582 ministrantem.
956 1519 1043 1582 Et
1071 1518 1129 1581 si
1159 1518 1487 1601 contingat
1516 1518 1688 1601 quod
1719 1519 1908 1601 praed.
1948 1519 2171 1583 Abbas
2209 1526 2277 1584 et
2324 1521 2541 1597 Conv.,
2573 1529 2640 1585 et

367 1634 633 1679 success.
654 1617 772 1693 sui,
790 1636 919 1680 non
942 1617 1276 1680 invenient
1295 1636 1497 1679 unum
1521 1616 1940 1699 Capellanum
1959 1618 2283 1700 ydoneum
2303 1622 2368 1682 et
2384 1619 2641 1696 abilem,

361 1714 683 1796 jacentem
730 1722 794 1780 et
837 1715 1301 1792 sublevantem,
1344 1722 1716 1780 noctantem
1759 1723 1825 1780 et
1868 1717 2238 1794 dietantem‚
2270 1724 2638 1782 manentem

368 1813 439 1875 in
457 1814 646 1895 praed.
671 1815 1015 1898 mesuagio,
1038 1835 1187 1878 cum
1209 1835 1340 1879 uno
1363 1816 1680 1879 serviente
1703 1816 1829 1878 sibi
1852 1815 2219 1899 adjuvante,
2242 1838 2356 1900 pro
2380 1818 2642 1881 servitio

371 1912 594 1976 divino
624 1914 696 1976 in
741 1913 989 1996 capella
1016 1912 1326 1997 praedicta
1368 1912 1608 1977 ibidem
1655 1912 2100 1991 celebrantem,
2145 1935 2294 1979 cum
2341 1916 2641 1979 omnibus

368 2011 513 2075 aliis
544 2013 975 2089 sacramentis,
1004 2012 1302 2077 omnibus
1333 2018 1399 2077 et
1429 2012 1702 2097 singulis
1731 2013 2135 2096 parochianis
2165 2015 2641 2096 pertinentibus

367 2109 559 2174 dictae
586 2110 761 2174 villae
805 2112 885 2176 de
930 2112 1209 2175 Newton
1253 2111 1748 2188 ministrantem,
1792 2117 1950 2174 tunc
1993 2112 2155 2176 bene
2202 2113 2422 2177 lieeat¹
2468 2120 2641 2177 recto

364 2207 604 2273 haeredi
633 2209 952 2274 willelmi
998 2210 1241 2287 Rosels,
1270 2211 1517 2288 militis,
1560 2210 1763 2293 patris
1794 2210 1939 2287 mei,
1969 2210 2039 2273 in
2085 2212 2275 2294 praed.
2316 2213 2642 2295 mesuagio

367 2329 514 2371 cum
546 2309 753 2373 tribus
783 2309 1036 2374 bovatis
1067 2311 1216 2385 t'rae,
1247 2330 1392 2374 cum
1424 2315 1581 2394 pert.
1615 2311 1771 2391 suis,
1802 2311 2061 2387 intrare,
2092 2311 2261 2374 sicut
2291 2312 2644 2387 invenient,

372 2415 507 2472 tarn
552 2409 621 2472 in
651 2409 810 2474 villa
853 2430 1049 2493 quam
1096 2410 1217 2494 [in]
1259 2411 1526 2474 t’ritorio
1567 2411 1647 2474 de
1691 2410 1969 2474 Newton
2015 2411 2226 2494 praed.,
2272 2417 2339 2475 et
2381 2412 2642 2494 pacifice

367 2508 659 2591 gaudere,
689 2508 829 2574 sine
860 2509 1361 2573 contradictione
1390 2509 1495 2572 vel
1522 2509 1983 2592 impedimento
2015 2506 2141 2592 (2¹⁰)
2175 2510 2334 2574 dicti
2364 2510 2644 2575 Abbatis

365 2616 432 2672 et
464 2607 680 2683 ConV„
708 2608 815 2673 vel
859 2629 1295 2673 successorum
1326 2628 1587 2672 suorum
1617 2609 2111 2692 imperpetuum.
2202 2611 2288 2673 Et
2331 2631 2448 2674 nos
2479 2630 2644 2687 vern,

376 2707 567 2789 praed.
613 2708 836 2772 Abbas
881 2716 948 2772 et
994 2707 1212 2785 ConV.,
1252 2707 1577 2772 voluimus
1621 2714 1689 2772 et
1732 2708 2140 2772 concedimus
2185 2729 2300 2792 pro
2346 2711 2530 2774 nobis
2577 2722 2643 2774 et

369 2826 640 2871 success
670 2808 925 2883 nostris,
954 2808 1125 2891 quod
1156 2807 1212 2871 si
1242 2808 1585 2871 conventio
1615 2807 1805 2890 praed.
1837 2808 1905 2870 in
1938 2808 2141 2871 forma
2170 2809 2361 2892 praed.
2385 2809 2641 2893 plenius

366 2925 498 2969 non
526 2905 866 2981 teneatur,2
896 2906 1112 2969 omnia
1141 2906 1439 2989 proficua,
1468 2912 1604 2969 tam
1634 2905 1996 2988 spiritualia
2023 2927 2218 2988 quam
2249 2908 2641 2990 temporalia,

367 3004 759 3086 pertinentia
807 3004 996 3068 dictae
1046 3004 1324 3087 Capellae
1368 3004 1447 3069 de
1494 3005 1771 3068 Newton
1818 3004 1951 3067 sint
1997 3005 2079 3068 ad
2119 3005 2531 3070 donationem
2578 3014 2642 3070 et

366 3103 851 3186 dispositionem
903 3101 1223 3166 dictorum
1282 3104 1608 3168 haeredum
1668 3103 1858 3186 praed.
1921 3103 2238 3168 Willelmi
2296 3104 2378 3168 ad
2435 3126 2640 3169 unum
2733 3131 2738 3136 ·

377 3203 796 3285 Capellanum
845 3202 1148 3266 idoneum
1179 3201 1546 3285 ubicunque
1590 3202 1722 3266 illis
1753 3201 2066 3285 placuerit
2106 3202 2638 3288 [inveniendum]

368 3301 453 3362 Et
475 3299 556 3364 ad
580 3299 772 3363 istam
800 3301 1291 3364 conventionem
1322 3301 1484 3364 bene
1515 3305 1580 3364 et
1602 3300 1876 3364 fideliter
1898 3301 2256 3365 faciendam
2280 3308 2347 3365 et
2369 3303 2641 3385 impleu-

369 3400 517 3461 dam
562 3399 849 3481 sigillum
910 3405 1202 3462 nostrum
1248 3419 1587 3464 commune
1646 3406 1746 3463 est
1796 3421 2155 3483 appensum
2182 3424 2195 3463 ε
2255 3401 2443 3465 alteri
2491 3423 2641 3465 vero

365 3498 533 3580 parti
564 3498 674 3581 sig.
707 3498 866 3562 dicti
898 3498 1176 3562 Galfridi
1218 3505 1316 3562 est
1345 3519 1717 3583 appensum.
1809 3497 1959 3563 Hiis
1990 3500 2278 3564 testibus,
2366 3502 2644 3566 Roberto

368 3597 748 3661 Gretheved.
837 3597 1171 3661 Willelmo
1192 3599 1270 3662 de
1293 3599 1612 3662 Mortona.
1694 3599 2025 3664 Willelmo
2049 3600 2401 3685 Mowbray.
2467 3601 2649 3665 Ada⁸

366 3695 446 3760 de
486 3695 990 3779 Levyngthorpe.
1077 3697 1376 3761 Johanne
1417 3697 1498 3762 de
1542 3698 1882 3783 Iasyngby
1916 3722 1930 3761 ε
1977 3705 2042 3762 et
2084 3699 2328 3763 Thoma
2357 3699 2436 3764 de
2481 3701 2647 3764 Nor—

368 3794 606 3878 manby
634 3819 649 3874 ;
691 3802 759 3858 et
787 3794 950 3859 aliis.

369 3971 686 4036 CCCCII.
733 3970 862 4054 (2¹²)
910 3971 1115 4035 Com
1161 3987 1480 4037 amamus
1524 3987 1701 4035 mem
1746 3987 1928 4034 FALSI
1980 3988 2061 4033 ET
2115 3987 2283 4034 mon
2334 3988 2426 4035 An
2467 3988 2646 4037 osm-

540 4086 824 4134 cANDUM
899 4087 1024 4135 Nos
1076 4087 1349 4135 msus‘rs
1407 4088 1496 4135 An
1556 4088 1730 4136 nuos
1790 4087 2060 4135 somnos
2120 4086 2496 4136 sonvnnnos
2556 4091 2644 4137 An

541 4185 883 4233 mmmm:
963 4186 1427 4234 mvnmnunmt
1519 4187 1591 4234 m
1685 4171 1988 4235 CAPELLA
2081 4185 2167 4232 nn
2248 4171 2487 4234 ATONA
2573 4189 2644 4236 IN

538 4269 1209 4333 Firmamentum!

456 4405 776 4469 Omnibus
822 4410 1060 4467 sanctae
1106 4404 1337 4468 Matris
1381 4404 1550 4469 Eccl.
1583 4404 1735 4469 filiis
1767 4404 1880 4469 vis,
1915 4410 1980 4469 et
2010 4407 2153 4470 aud.
2185 4408 2442 4472 litteras
2476 4397 2648 4485 istae,

363 4504 408 4566 J
413 4503 701 4567 ohannes
730 4504 810 4567 de
843 4505 1114 4587 Cayton,
1144 4503 1432 4568 salutem.
1524 4505 1797 4569 Noverit
1826 4506 2002 4569 univ.
2033 4513 2248 4570 vestra
2290 4527 2412 4583 me,
2443 4508 2649 4571 divini

439 4626 456 4660 ¹
496 4629 662 4678 lec-eae.
1088 4625 1111 4660 ²
1146 4635 1203 4679 ut
1227 4630 1469 4696 supplied
1494 4630 1903 4696 unnecessarily.
2315 4629 2339 4663 ³
2373 4632 2502 4681 Ade.

438 4711 458 4744 ⁴
500 4713 628 4762 This
653 4711 895 4779 heading,
929 4729 987 4763 as
1012 4712 1067 4762 in
1092 4712 1185 4763 the
1211 4712 1328 4773 last,
1356 4714 1400 4764 is
1417 4713 1471 4764 in
1496 4731 1527 4764 a
1552 4713 1690 4764 later
1713 4714 1870 4765 band.
1937 4713 2000 4763 In
2022 4713 2122 4766 No.
2148 4716 2252 4764 212
2272 4732 2304 4764 a
2326 4720 2443 4765 rent
2468 4715 2524 4764 of
2549 4715 2651 4765 five
