3254 5140
733 612 1278 666 CARTULARIUM
1315 611 1720 665 ABBATHIAE
1759 611 1857 664 DE
1891 612 2259 665 wHITEBY.
2510 599 2632 661 627

361 777 489 842 sibi
506 777 934 843 datam—viz.
960 777 1136 861 quod
1163 776 1252 842 sit
1273 776 1448 862 apud
1475 796 1592 841 vos
1620 777 1894 841 ultimus
1923 777 1994 841 in
2024 776 2251 854 Chor0,
2273 780 2637 861 postremus

359 877 431 941 in
461 876 778 954 Claustro,
821 875 1234 953 Dormitorio,
1278 880 1347 941 et
1384 874 1455 938 in
1499 875 1880 953 RefectoriO,
1923 876 2121 940 etiam
2164 894 2238 940 ac
2282 875 2528 958 quartis
2572 879 2640 938 et

359 976 577 1041 sextis,
668 977 827 1040 Fere
856 975 1100 1061 [pane],
1130 974 1440 1041 cerevisia
1468 979 1536 1040 et
1561 974 1908 1059 legumine,
1931 975 2172 1058 absque
2202 974 2348 1039 aliis
2378 973 2639 1039 ferculis

362 1082 430 1141 et
501 1075 770 1153 deliciis,
843 1075 932 1139 sit
1005 1080 1363 1140 contentus.
1485 1073 1897 1139 Conventum
1960 1078 2269 1158 sequatur
2333 1075 2637 1139 continue

362 1174 640 1260 regulari
702 1173 1087 1252 obedientia,
1160 1194 1357 1259 quam
1428 1173 1743 1239 hactenus
1817 1172 2149 1238 abhorruit
2221 1178 2289 1238 et
2359 1172 2638 1255 infregit,

362 1273 636 1359 singulis
708 1272 920 1337 modis
993 1277 1062 1338 et
1131 1273 1549 1358 temporibus,
1620 1273 1818 1337 velud
1891 1272 2175 1349 strictus,
2261 1271 2639 1337 claustrales

357 1374 600 1459 jugiter
629 1372 1013 1439 adhaerendo
1043 1372 1246 1438 donec
1275 1373 1454 1437 aliud
1484 1372 1860 1438 ordinamus
1891 1372 1970 1437 de
2001 1373 2239 1438 eodem.
2330 1371 2496 1436 Inde
2539 1375 2641 1435 est

319 1497 322 1498 ⁷
365 1473 536 1559 quod
568 1472 896 1538 devotioni
923 1479 1170 1550 vestrae,
1198 1472 1270 1536 in
1298 1472 1542 1537 virtute
1571 1477 1812 1537 sanctae
1834 1471 2260 1537 obedientiae
2242 1471 2641 1556 1njungimus

364 1578 432 1639 et
458 1573 840 1638 mandamus
870 1573 1178 1658 quatinus
1208 1570 1484 1637 eundem
1511 1572 1916 1638 Willelmum
1957 1572 2030 1635 in
2058 1576 2345 1637 vestrum
2390 1575 2643 1656 accept-

366 1672 536 1736 abile
579 1671 991 1749 consortium,
1032 1671 1191 1736 visis
1234 1671 1679 1755 praesentibus,
1723 1671 2117 1736 admittatis:
2166 1671 2424 1756 proviso
2467 1671 2641 1755 quod

367 1772 507 1854 ipse
553 1775 654 1837 est
701 1771 939 1836 missus
987 1791 1027 1835 a
1077 1771 1504 1836 celebratione
1555 1770 1923 1835 divinorum
1975 1771 2234 1854 penitus
2293 1771 2642 1848 abstinens,

367 1871 606 1935 divinae
634 1869 1169 1955 contemplationi
1197 1869 1458 1935 insistat
1487 1870 1780 1947 sollicite,
1808 1875 1876 1936 et
1904 1869 2147 1936 dictam
2188 1871 2644 1954 poenitentiam

366 1969 539 2034 inter
565 1990 699 2047 vos,
728 1970 843 2034 ubi
886 1970 1111 2048 fervet,
1153 1976 1231 2035 ut
1266 1990 1616 2054 speramus,
1644 1970 1888 2052 religi0,
1915 1977 2178 2054 peragat
2221 1970 2346 2034 sibi
2387 1970 2644 2053 injunc-

368 2074 523 2147 tam,
552 2088 671 2134 nec
701 2074 886 2134 extra
913 2069 1074 2134 fines
1104 2069 1301 2153 hujus
1330 2069 1735 2153 poenitentiae
1777 2070 2056 2147 inflictae,
2083 2068 2192 2134 vel
2234 2075 2417 2152 septa
2443 2067 2645 2133 vestri

370 2168 754 2234 Monasterii
804 2169 878 2233 in
928 2168 1315 2253 equitatura,
1357 2168 1467 2234 vel
1509 2169 1689 2247 alias,
1740 2189 1932 2234 causa
1992 2170 2376 2252 cuiusquam
2427 2166 2644 2233 solatii

369 2268 549 2333 intus
577 2267 686 2333 vel
716 2272 900 2333 extra
927 2268 1339 2352 aliquatenus
1368 2274 1691 2353 evagetur,
1722 2269 1890 2334 sicut
1919 2289 2132 2333 coram
2174 2269 2317 2334 Deo
2345 2273 2414 2334 et
2456 2267 2642 2331 nobis

369 2367 570 2432 vultis
600 2367 769 2432 circa
807 2367 929 2432 hoc
972 2388 1262 2433 securam
1292 2372 1359 2433 et
1390 2388 1612 2432 sanam
1642 2367 1905 2433 reddere
1948 2368 2276 2433 rationem.
2366 2369 2453 2432 Et
2482 2387 2646 2444 ecce,

372 2466 555 2530 Prior
593 2486 751 2531 suus
802 2466 882 2532 de
933 2466 1504 2544 Munkebrettona,
1564 2465 1722 2531 dum
1779 2487 2027 2531 moram
2082 2466 2255 2531 inter
2304 2486 2420 2531 vos
2470 2465 2646 2531 idem

371 2564 747 2631 Willelmus
779 2565 1021 2645 fecerit,
1050 2587 1166 2651 pro
1211 2565 1347 2632 suis
1391 2566 1719 2632 alimentis
1761 2565 1789 2630 l
1818 2587 1865 2633 s.
1912 2588 2162 2632 annuos
2192 2567 2377 2632 vobis
2420 2565 2643 2632 solvet.

371 2666 622 2730 Datum
672 2666 849 2750 apud
898 2665 1538 2743 Munkebrettonam,
1581 2666 1805 2731 Nonas
1863 2667 2163 2752 Augusti,
2221 2666 2649 2732 Pontificatus

373 2765 581 2831 nostri
610 2765 703 2831 Α.ο
732 2770 981 2843 octavo,
1002 2772 1182 2831 110000
1211 2764 1623 2849 nonagesimo
1653 2765 1869 2831 tercio.

1010 3053 1278 3120 DXOV.
1368 3055 1746 3138 (Romanus,
1776 3057 1816 3121 f.
1854 3055 2012 3137 34¹³.)

373 3204 633 3268 ΑΒΒΑΤῙ
676 3220 764 3268 nn
807 3203 1104 3267 Wrrner
1148 3218 1273 3268 Ρ110
1309 3203 1656 3279 MoNAono
1692 3219 1806 3268 cm
1839 3220 2309 3270 mmmm-un
2337 3222 2649 3273 mansa:

649 3319 740 3367 An
785 3303 1136 3368 Romam
1177 3319 1434 3368 omum
1464 3318 1822 3377 QUAERENDI
1851 3319 2368 3369 Assoro-noum.

449 3451 646 3519 Senio
660 3456 728 3517 et
745 3450 1183 3517 imbecillitati
1212 3451 1430 3516 fratris
1460 3450 1565 3529 H„
1589 3452 2030 3518 commonachi
2052 3454 2251 3519 vestri
2269 3461 2337 3521 et
2355 3456 2652 3522 Sacristae

374 3553 628 3617 Domus
672 3559 920 3629 vestrae,
967 3550 1155 3636 cujus
1203 3549 1541 3629 absolutio,
1591 3552 1664 3616 in
1710 3572 1864 3617 casu
1902 3574 2019 3637 pro
2054 3574 2184 3637 quo
2229 3574 2379 3620 cum
2416 3557 2650 3622 vestris

372 3651 610 3716 litteris
653 3649 737 3715 ad
780 3654 1061 3716 nostram
1110 3650 1379 3715 accessit
1420 3651 1849 3734 praesentiam,
1893 3651 1974 3717 ad
2018 3674 2135 3719 nos
2181 3675 2312 3719 non
2353 3656 2652 3739 pertinet,

375 3751 485 3836 pio
529 3750 995 3835 compatientes
1033 3750 1290 3829 affectu,
1342 3751 1552 3817 eidem
1596 3752 2039 3819 consuluimus
2083 3755 2426 3821 salubriter
2475 3757 2651 3840 quod

376 3850 860 3915 Sacrosanctam
919 3849 1280 3914 Romanam
1339 3850 1602 3915 Curiam
1661 3872 1778 3936 pro
1846 3853 2249 3919 absolutione
2306 3856 2649 3939 quaerenda

384 3953 649 4034 expetat
676 3953 754 4012 ut
781 3954 1050 4033 oportet,
1082 3948 1474 4015 Ordinantes
1518 3954 1586 4015 et
1615 3951 1813 4015 etiam
1858 3950 2271 4018 decernentes
2314 3954 2489 4037 quod
2531 3975 2648 4038 per

374 4068 489 4113 vos
518 4047 888 4132 equitatura
931 4053 1001 4113 et
1042 4068 1078 4113 c
1121 4069 1168 4113 s.
1215 4049 1667 4134 sterlingorum
1709 4071 1826 4134 pro
1871 4052 2173 4136 expensis
2202 4052 2652 4119 ministrentur

375 4147 600 4212 eidem.
689 4147 1043 4212 Devotioni
1072 4147 1292 4231 itaque
1321 4154 1554 4214 vestrae
1582 4150 1965 4215 mandamus
1993 4151 2168 4234 quod
2208 4152 2407 4217 statui
2444 4152 2650 4237 ipsius

375 4245 841 4331 prospicientes
886 4247 1178 4313 celeriter
1220 4268 1387 4326 eum,
1415 4253 1495 4313 ut
1535 4249 1979 4333 praemisimus,
2009 4250 2370 4316 exhibendo
2399 4253 2652 4319 ordina-

375 4345 619 4411 tionem
678 4351 984 4424 nostram,
1026 4346 1402 4431 supplentes
1459 4351 1825 4433 promptius
1884 4351 2053 4415 circa
2109 4351 2327 4435 ipsum
2383 4373 2467 4418 ne
2512 4354 2651 4421 ovis

375 4464 594 4510 errans
645 4465 762 4530 pro
813 4444 1073 4511 defectu
1122 4446 1398 4530 pastoris
1441 4453 1664 4531 pereat
1712 4449 2092 4515 inconsulte.
2180 4450 2431 4515 Datum
2473 4454 2648 4538 apud

376 4544 733 4611 Totenham
762 4545 836 4610 111
864 4547 1090 4613 Nonas
1120 4547 1524 4627 Novembris,
1555 4549 1976 4616 Pontificatus
2007 4550 2214 4617 nostri
2242 4550 2334 4615 Αο
2363 4558 2603 4619 octavo.
