3254 5140
597 576 721 635 508
960 585 1504 640 GARTULARIUM
1540 584 1946 637 ABBATHIAE
1983 584 2081 635 DE
2113 583 2488 635 WHITEBY.

594 751 642 814 J
644 748 927 815 ohannes
972 751 1051 816 de
1094 750 1357 827 welles,
1403 749 1708 827 Clericus,
1747 755 2183 833 procuratores
2228 745 2550 812 dictorum
2593 745 2869 810 Abbatis

599 853 666 911 et
698 849 915 927 Conv„
946 849 1221 933 speciale
1250 849 1627 912 mandatum
1659 848 1970 912 habentes
2002 847 2084 910 ad
2115 845 2634 910 submittendum
2664 845 2872 908 dictos

596 947 913 1016 Abbatem
959 953 1025 1013 et
1068 948 1262 1013 Conv.
1295 948 1685 1012 ordinationi
1729 968 1804 1011 ac
1847 945 2173 1011 voluntati
2216 950 2451 1009 nostrae
2492 944 2757 1028 penitus
2801 943 2873 1006 in

597 1047 961 1130 praemissiS,
991 1047 1202 1112 dictus
1233 1068 1384 1112 vero
1429 1047 1664 1112 Petrus
1709 1046 2148 1129 personaliter,
2192 1045 2401 1109 Nonis
2449 1043 2614 1108 Maii
2658 1043 2735 1106 A.
2782 1063 2873 1126 gr.

598 1145 945 1210 millesimo
977 1154 1123 1210 ccm⁰
1152 1147 1687 1230 quinquagesimo
1717 1145 1927 1223 tertio,
1956 1145 2027 1207 in
2071 1149 2292 1208 nostra
2335 1142 2679 1227 praesentia
2722 1162 2873 1207 con-

599 1243 988 1309 stituerunt¹
1033 1266 1121 1321 se,
1149 1252 1384 1309 nostrae
1427 1244 1821 1308 ordinationi
1864 1251 1931 1309 et
1972 1243 2314 1319 voluntati,
2343 1263 2536 1326 super
2577 1241 2870 1326 portione

599 1343 909 1425 praedicta
942 1348 1230 1419 vacante,
1266 1342 1425 1406 dicti
1467 1349 1912 1426 procuratores
1955 1341 2131 1425 ipsos
2174 1342 2497 1406 Abbatem
2542 1345 2608 1406 et
2653 1341 2874 1416 Conv.,

602 1440 813 1504 dictus
842 1461 995 1504 vero
1031 1440 1262 1505 Petrus
1293 1441 1594 1524 seipsum,
1624 1441 1886 1523 penitus
1915 1440 2371 1517 submiserunt,
2401 1441 2872 1523 promittenteS,

602 1537 764 1601 dicti
800 1543 1236 1621 procuratores
1265 1559 1381 1622 pro
1412 1559 1498 1616 se,
1525 1539 1780 1603 Abbate
1810 1545 1877 1603 et
1908 1540 2124 1616 ConV„
2155 1545 2223 1604 et
2253 1540 2466 1603 dictus
2498 1540 2729 1604 Petrus
2758 1558 2873 1622 pro

601 1654 689 1712 se,
720 1635 1029 1719 quicquid
1058 1656 1252 1720 super
1280 1637 1504 1701 eadem
1533 1637 1828 1721 portione
1856 1657 1973 1720 per
2014 1658 2132 1702 nos
2177 1644 2348 1702 esset
2389 1638 2738 1721 provisum,
2767 1636 2874 1701 vel

602 1734 800 1797 etiam
858 1735 1245 1812 ordinatum,
1302 1756 1440 1799 sese
1498 1735 1776 1800 fideliter
1833 1741 1899 1800 et
1956 1735 2204 1820 integre
2263 1743 2644 1801 servaturos.
2734 1736 2873 1799 Nos

599 1831 839 1916 itaque,
905 1832 1365 1898 deliberatione
1430 1833 1658 1898 habita
1721 1834 2016 1918 pleniori,
2073 1835 2513 1900 ordinavimus
2571 1836 2693 1899 sub
2751 1834 2873 1899 hac

600 1930 1083 1997 forma—videl.
1115 1933 1287 2015 quod
1317 1932 1474 2014 dicti
1504 1933 1724 1997 Abbas
1756 1940 1822 1997 et
1857 1934 2056 1999 ConV.
2088 1934 2171 1997 ad
2199 1934 2471 1998 eandem
2515 1934 2871 2017 portionem

600 2036 942 2096 vacantem
969 2052 1307 2115 personam
1336 2032 1635 2098 idoneam
1664 2040 2124 2116 praesentarent
2167 2034 2280 2117 qui
2324 2036 2560 2098 Rector
2599 2053 2716 2116 per
2756 2051 2872 2095 nos

600 2129 1048 2196 institueretur
1095 2131 1166 2195 in
1219 2132 1481 2196 eadem:
1543 2133 1651 2196 Ita
1695 2133 1870 2216 quod
1918 2134 2131 2198 dictus
2184 2135 2413 2198 Petrus
2460 2153 2682 2197 omnes
2729 2151 2874 2215 pro-

601 2233 836 2293 ventus
865 2229 1068 2313 ipsius
1098 2230 1247 2294 eccl.
1279 2230 1350 2292 in
1379 2235 1518 2295 tota
1545 2231 1684 2295 vita
1727 2251 1845 2294 sua
1873 2230 2120 2315 integre
2149 2232 2479 2314 percipiat,
2508 2236 2608 2294 set
2638 2231 2870 2295 clerico

601 2328 1046 2409 praesentando
1104 2348 1221 2411 per
1279 2328 1485 2393 dictos
1556 2329 1724 2392 Abb.
1789 2333 1854 2392 et
1917 2329 2135 2406 Conv„
2193 2350 2268 2393 ac
2327 2350 2442 2412 per
2500 2349 2618 2393 nos
2682 2329 2870 2412 (177)

601 2424 1017 2502 instituend0‚
1076 2427 1147 2488 in
1205 2426 1381 2490 dicta
1438 2432 1710 2490 vacante
1768 2427 2079 2509 portione,
2130 2427 2391 2490 nomine
2436 2433 2874 2510 proventuum
2962 2438 2976 2451 ·

601 2523 913 2605 portionis
942 2525 1147 2607 ipsius
1178 2524 1546 2607 quindecim
1589 2544 1833 2589 marcas
1877 2524 2197 2609 persolvet
2239 2524 2485 2609 integre
2531 2525 2869 2589 annuatim

602 2620 685 2683 ad
732 2620 892 2685 duos
943 2630 1122 2686 term.
1165 2622 1594 2687 anni—videl.
1642 2623 1726 2687 ad
1769 2624 1811 2687 f.
1845 2624 1904 2688 S.
1950 2623 2226 2687 Martini
2263 2623 2334 2685 in
2383 2643 2570 2707 yeme
2622 2629 2870 2707 septem

601 2739 846 2783 marcas
891 2726 958 2783 et
1001 2720 1172 2797 dim„
1216 2727 1284 2784 et
1330 2720 1401 2783 in
1443 2722 1486 2786 f.
1534 2723 1718 2786 Pent.
1760 2727 2008 2805 septem
2048 2743 2132 2787 m.
2174 2727 2240 2785 et
2279 2721 2650 2785 dimidiam:
2700 2722 2872 2787 Item

604 2817 780 2900 quod
828 2817 1004 2882 idem
1053 2819 1284 2883 Petrus
1335 2819 1406 2882 in
1456 2827 1595 2884 tota
1629 2821 1767 2885 vita
1811 2841 1929 2885 sua
1973 2821 2128 2885 dum
2179 2827 2528 2906 proventus
2580 2822 2872 2906 ejusdem

605 2915 754 2979 eccl.
829 2917 1204 3000 perceperit,
1276 2938 1391 3001 per
1462 2924 1898 3003 competentes
1969 2920 2299 2985 ministros
2371 2920 2498 3004 ipsi
2570 2921 2874 2999 ecclesiae,

604 3015 972 3096 sumptibus
1025 3014 1180 3093 suis,
1231 3015 1423 3080 faciet
1474 3017 1796 3095 deserviri,
1839 3023 1906 3082 et
1949 3019 2167 3083 omnia
2217 3039 2409 3083 onera
2466 3019 2875 3084 ordinaria—

602 3112 1008 3196 episcopalia,
1044 3114 1256 3192 videl„
1287 3121 1354 3180 et
1396 3116 1948 3194 archidiaconalia,
1978 3123 2046 3182 et
2089 3123 2317 3183 caetera
2360 3119 2576 3184 debita
2619 3126 2686 3184 et
2730 3140 2872 3184 con-

604 3218 804 3288 sueta,
862 3213 1241 3293 sustinebit3
1307 3220 1406 3278 set
1470 3216 1974 3281 extraordinaria
2032 3217 2283 3281 omnia2
2335 3238 2543 3296 onera,
2594 3218 2649 3281 si
2709 3218 2872 3302 qua⁸

604 3309 1004 3393 contigerint,
1034 3319 1169 3374 tam
1199 3311 1411 3377 dictus
1456 3315 1706 3391 Petrus,
1750 3335 1947 3398 quam
1991 3316 2185 3379 etiam
2229 3317 2714 3400 praesentandus
2758 3338 2873 3401 per

603 3407 806 3472 dictos
834 3409 1158 3474 Abbatem
1187 3418 1254 3476 et
1285 3412 1694 3477 Conventum
1724 3421 1790 3478 et
1816 3435 1930 3497 per
1958 3435 2074 3479 nos
2103 3414 2541 3479 instituendus
2572 3415 2876 3495 ClericuS,
2971 3452 2986 3463 κ

603 3507 958 3570 secundum
1001 3509 1417 3592 qualitatem⁴
1461 3511 1882 3576 emolumenti
1926 3533 2118 3596 quam
2165 3514 2607 3597 unusquisque
2654 3535 2874 3579 eorum

604 3605 685 3667 ab
720 3604 988 3668 ecclesia
1028 3606 1170 3689 ipsa
1211 3608 1523 3691 percipiet
1567 3611 1999 3674 sustinebunt.
2090 3612 2178 3676 Et
2221 3612 2275 3676 si
2321 3612 2651 3696 contingat
2696 3615 2871 3697 quod

604 3702 817 3766 dictus
868 3703 1099 3769 Petrus
1142 3708 1588 3788 praesentando
1636 3716 1703 3773 et
1752 3709 2170 3788 instituend0‚
2199 3717 2276 3774 ut
2325 3712 2706 3795 praedictum
2758 3719 2876 3790 est,

603 3801 835 3866 clerico
878 3804 1239 3886 superstite,
1281 3804 1544 3869 cesserit
1587 3807 1695 3870 vel
1738 3807 2097 3886 decesserit,
2126 3809 2234 3873 vel
2280 3809 2407 3874 alio
2451 3811 2630 3894 justo
2682 3813 2874 3877 modo

603 3904 961 3987 portionem
991 3924 1188 3988 quam
1232 3925 1348 3970 suo
1392 3906 1653 3970 nomine
1699 3907 1967 3991 optinet,
2011 3909 2343 3986 dimiserit,
2386 3909 2561 3974 idem
2605 3901 2875 3977 clericus

605 4024 687 4067 ex
729 4010 887 4068 tunc
938 4024 1158 4069 omnes
1209 4010 1560 4088 proventus
1610 4006 1802 4071 dictae
1844 4008 2133 4072 vacantis
2183 4008 2496 4091 portionis
2549 4029 2695 4092 quae
2747 4011 2878 4075 fuit

606 4103 931 4187 quondam
960 4104 1119 4168 dicti
1150 4104 1481 4189 Hugonis⁶
1509 4105 1581 4169 in
1622 4110 1763 4169 tota
1805 4106 1941 4169 vita
1985 4127 2102 4170 sua
2144 4107 2390 4191 integre
2436 4109 2765 4192 percipiet,
2809 4117 2876 4175 et

605 4223 719 4286 pro
748 4201 922 4268 rata⁶
950 4204 1238 4286 ejusdem
1266 4204 1577 4288 portionis
1621 4206 1956 4269 servitium
1987 4205 2289 4283 ecclesiae,
2318 4207 2452 4270 suis
2483 4209 2874 4292 sumptibus,

604 4298 824 4386 (17712)
868 4307 934 4366 et
978 4303 1152 4366 dicta
1194 4323 1385 4368 onera
1429 4304 1814 4388 episcopalia
1859 4311 1924 4367 et
1964 4304 2496 4371 archidiaconalia
2535 4314 2601 4371 et
2649 4315 2876 4373 caetera

678 4438 695 4472 ¹
733 4441 1000 4500 constituit,
1033 4439 1096 4489 R.
1456 4440 1477 4472 ²
1512 4440 1690 4491 omnia
1715 4440 1941 4492 omitted
1965 4442 2021 4492 in
2048 4442 2110 4492 R.
2465 4441 2489 4477 ⁸
2523 4448 2664 4506 sicut,
2690 4445 2746 4495 in
2773 4446 2837 4500 R.

673 4522 696 4557 ⁴
730 4524 1078 4589 quantitatem,
1105 4523 1168 4573 R.
1457 4520 1480 4555 ⁶
1514 4524 1606 4585 H„
1629 4524 1691 4577 R.
2470 4525 2493 4559 ⁶
2528 4528 2705 4579 Blank
2728 4529 2785 4580 in
2808 4530 2874 4581 R.
