3254 5140
749 603 1294 656 CARTULARIUM
1324 602 1732 655 ABBATHIAE
1764 603 1861 654 DE
1895 604 2269 655 WHITEBY.
2528 593 2651 650 663

485 852 889 917 MANDATUM
920 854 1433 918 Ancnmucono
1467 851 1867 917 CLYVELAND
1899 872 1988 918 AD
2020 870 2533 919 msa-ALLANDUM

1186 969 1465 1016 EUNDEM
1494 954 1843 1018 ABBATEM.

462 1089 830 1154 Alexander
860 1090 939 1154 D.
974 1090 1041 1153 P.
1075 1095 1211 1165 etc„
1242 1089 1477 1153 dilecto
1508 1090 1642 1153 filio
1671 1089 2144 1155 Archidiacono
2189 1098 2406 1155 nostro
2438 1091 2651 1156 Clivc-

375 1187 565 1265 land„
587 1189 694 1253 vel
716 1190 854 1273 ejus
881 1188 1172 1265 officiali,
1203 1188 1496 1265 salutem,
1528 1197 1645 1253 etc.
1723 1189 2027 1253 Oblatam
2057 1191 2242 1254 nobis
2273 1191 2650 1255 electionem

377 1286 615 1350 Prior-is
668 1297 735 1352 et
780 1288 980 1352 Couv,
1025 1287 1257 1350 Mon'ii
1307 1287 1388 1351 de
1434 1287 1766 1371 Whiteby,
1808 1293 2043 1352 nostrae
2086 1289 2287 1365 Dioc.‚
2332 1289 2412 1353 de
2457 1290 2652 1353 fratre

376 1385 422 1447 J
425 1384 676 1450 ohanne
720 1386 800 1450 de
830 1386 1247 1463 Richemond‚
1277 1387 1735 1451 commonacho
1767 1387 1923 1451 dicti
1956 1388 2202 1465 Mon’ii,
2231 1389 2301 1451 in
2330 1389 2652 1453 Abbatem

376 1505 568 1548 suurn
592 1485 829 1549 factam
851 1485 1069 1550 debito
1094 1486 1485 1569 subjecimus
1509 1487 1833 1550 examini:
1864 1507 2078 1569 quam,
2102 1487 2255 1571 quia
2285 1489 2651 1553 invenimus

375 1583 678 1647 canonice
731 1590 796 1647 et
855 1583 1250 1648 concorditer
1301 1584 1706 1660 celebratam,
1766 1584 2072 1650 duximus
2132 1586 2653 1663 confirmandam,

376 1680 781 1765 eundemque
824 1682 1085 1746 fratrem
1125 1683 1170 1747 J
1174 1682 1512 1759 ohannem,
1558 1683 1765 1747 veluti
1810 1684 2345 1768 circumspectum
2391 1688 2650 1750 Monas-

376 1780 537 1843 terio
582 1788 929 1844 memorato
975 1781 1375 1864 praefecimus
1418 1781 1491 1844 in
1533 1781 1876 1859 Abbatem,
1921 1803 2139 1847 curam
2184 1792 2250 1848 et
2294 1787 2649 1849 custodiam

377 1877 627 1942 Domus
672 1880 1008 1963 praedictae,
1039 1888 1175 1943 tam
1218 1880 1288 1943 in
1334 1880 1780 1963 spiritualibus
1821 1902 2017 1964 quam
2057 1882 2126 1944 in
2170 1885 2651 1967 temporalibuS,

377 1976 659 2060 plenarie
707 1979 1201 2043 committentes,
1337 1978 1651 2055 Quocirca
1695 1980 1879 2043 vobis
1919 1979 2300 2044 mandamus
2345 1983 2653 2065 quatinus

379 2076 682 2158 praedicto
711 2076 957 2141 Abbati
1001 2077 1266 2141 stallum
1309 2078 1379 2140 in
1410 2076 1601 2140 choro
1648 2083 1715 2141 et
1757 2077 1972 2141 locum
2000 2078 2072 2141 in
2103 2078 2422 2162 Capitulo,
2463 2088 2655 2164 prout

378 2176 695 2251 convenit,
753 2175 1109 2259 assignetis,
1167 2175 1442 2239 ulterius
1495 2174 1668 2258 quod
1727 2182 2014 2242 vestrum
2074 2182 2174 2240 est
2232 2197 2380 2261 erga
2438 2178 2653 2262 ipsum

378 2269 886 2358 promptitudine
947 2274 1138 2338 officii
1211 2281 1620 2357 exequentes.
1738 2274 1986 2338 Datum
2061 2275 2234 2358 apud
2293 2276 2657 2362 Claveryng

381 2373 589 2436 xxviw
618 2373 723 2438 die
754 2374 799 2437 J
803 2372 961 2450 unii,
991 2380 1109 2437 etc.

525 2574 814 2637 LnTERA
844 2589 1042 2637 Missa
1074 2573 1245 2636 REGI
1274 2588 1362 2634 DE
1391 2573 1910 2636 TEMPORALIBUS
1942 2587 2028 2637 UT
2057 2588 2258 2636 mima
2286 2588 2507 2637 PATET.

491 2709 1051 2774 Excellentissimo
1124 2709 1194 2771 in
1270 2708 1526 2773 Christo
1602 2708 1891 2792 Principi
1950 2714 2015 2774 et
2074 2710 2242 2774 D'no
2301 2731 2437 2787 suo,
2510 2710 2657 2774 d’no

383 2809 713 2887 Edvmrdo,
731 2810 810 2873 D.
837 2810 913 2873 G.
938 2808 1102 2892 Regi
1124 2806 1378 2891 Angliae
1400 2814 1466 2872 et
1487 2809 1776 2872 Franciae
1797 2808 2054 2885 illustri,
2078 2809 2463 2887 Alexander,
2486 2811 2565 2874 D.
2588 2810 2655 2874 P.

383 2909 685 2973 Ecclesiae
735 2909 920 2972 Ebor.
974 2907 1217 2971 electus
1270 2914 1695 2984 consecratus,
1738 2907 2013 2971 salutem
2056 2908 2124 2970 in
2170 2909 2264 2972 Eo
2309 2929 2423 2992 per
2465 2930 2657 2993 quem

384 3027 563 3091 reges
633 3012 906 3091 regnant
978 3011 1045 3069 et
1102 3005 1423 3089 principes
1505 3004 1935 3069 dominantur.
2056 3005 2225 3082 Quia
2282 3006 2659 3072 electionem

385 3126 592 3190 nuper
633 3106 867 3169 factam
914 3105 984 3167 in
1032 3104 1275 3167 Mon'io
1321 3104 1399 3167 de
1429 3104 1760 3187 Whiteby,
1805 3109 2038 3167 nostrae
2082 3104 2286 3180 Dioc.,
2333 3106 2413 3169 de
2466 3107 2660 3171 fratre

383 3205 682 3270 Johanne
734 3204 813 3269 <le
867 3203 1286 3280 Richemond‚
1338 3202 1797 3267 commonacho
1858 3201 2163 3286 ejusdem,
2215 3203 2285 3265 in
2337 3203 2659 3269 Abbatem

381 3304 506 3370 loci
558 3306 737 3369 illius
788 3304 1011 3379 elect0,
1056 3303 1161 3367 cui
1205 3303 1452 3386 regium
1497 3301 1884 3365 adhibuistis
1929 3321 2261 3365 assensum
2306 3302 2545 3385 pariter
2595 3312 2662 3368 et

384 3406 682 3481 favorem,
739 3410 1049 3488 tanquam
1108 3403 1187 3467 de
1245 3422 1518 3486 persona
1568 3401 1819 3478 idonea,
1870 3401 1942 3463 in
2001 3401 2298 3464 omnibus
2358 3403 2662 3468 canonice

382 3504 765 3570 celebratam
795 3504 1173 3568 auctoritate
1205 3509 1423 3566 nostra
1466 3501 1787 3565 ordinaria
1831 3500 2367 3577 confirmavimus,
2403 3502 2662 3585 justitia

382 3604 694 3669 suadente
723 3624 867 3687 quae
896 3601 1322 3667 dominationi
1346 3606 1575 3665 vestrae
1596 3604 1817 3663 tenore
1839 3598 2253 3682 praesentium
2283 3599 2660 3665 intimamus

383 3703 599 3768 velitis
628 3703 971 3787 praecipere
1002 3701 1172 3785 quod
1204 3701 1286 3764 ad
1305 3721 1417 3765 vos
1450 3699 1722 3764 ulterius
1752 3699 2038 3783 pertinet
2069 3699 2138 3761 in
2161 3698 2282 3762 hac
2311 3706 2493 3783 parte
2524 3701 2659 3765 fieri

382 3824 532 3868 cum
575 3803 806 3867 favore.
900 3802 1130 3865 Valeat
1174 3809 1240 3865 et
1268 3801 1481 3884 vigeat
1525 3799 1933 3863 Excellentia
1977 3803 2187 3862 vestra
2231 3820 2343 3883 per
2372 3807 2663 3884 tempora

381 3902 654 3967 feliciter
684 3902 1002 3966 duratura.
1095 3901 1176 3965 In
1207 3920 1478 3984 quorum
1509 3898 1801 3962 omnium
1831 3905 1976 3963 test.
2023 3897 2310 3982 sigillum
2353 3907 2662 3979 nostrum,

383 4009 501 4067 etc.
589 4002 837 4065 Datum
869 3999 973 4064 die
1007 4005 1072 4064 et
1100 3999 1259 4076 locO,
1290 4005 1407 4063 etc.

732 4202 1151 4267 Onssnmnm
1182 4216 1261 4263 m*
1291 4201 1333 4265 J
1342 4215 1758 4264 URAMENTUM
1792 4214 1969 4262 n1cr1
2003 4198 2313 4261 Anam-rs.

472 4341 556 4405 In
583 4341 712 4405 Dei
744 4340 1022 4417 nomine,
1050 4340 1278 4403 Amen.
1369 4338 1523 4421 Ego,
1554 4336 1751 4401 frater
1780 4338 1825 4401 J
1829 4336 2114 4401 ohannes
2158 4334 2239 4399 de
2284 4336 2664 4419 Richmond,

384 4440 627 4505 electus
674 4440 741 4503 in
772 4439 1093 4504 Abbatem
1138 4435 1368 4501 Mon'ii
1400 4437 1478 4500 de
1509 4437 1824 4519 Whiteby
1854 4443 1921 4500 et
1964 4442 2389 4513 consecratus,
2419 4438 2500 4501 ab
2548 4440 2665 4505 hac

384 4540 544 4604 hora
589 4540 658 4604 in
708 4545 898 4613 antea
949 4538 1159 4603 fidelis
1212 4558 1317 4601 ero
1363 4546 1429 4601 et
1472 4536 1775 4600 obediens
1816 4535 2121 4601 Ecclesiae
2172 4535 2541 4603 Cathedrali
2595 4541 2662 4605 B.
