3254 5140
743 607 1292 660 CARTULARHJM
1330 606 1736 659 ABBATHIAE
1773 606 1873 658 DE:
1905 606 2281 658 WHITEBY.
2523 593 2647 653 433

374 769 716 836 dominicis
761 777 828 836 et
872 791 1055 849 serm,
1097 771 1318 837 villen.
1368 778 1436 836 et
1478 771 1763 855 cotagiis,
1808 791 1955 835 cum
2008 771 2178 836 hom.
2225 776 2292 836 et
2335 791 2494 835 serv.
2540 769 2651 833 lib.

371 868 729 947 hominum,
783 871 1045 936 villanis
1098 878 1165 937 et
1223 892 1346 936 eor.
1395 892 1544 954 seq„
1596 877 1665 935 et
1715 878 1966 947 tenem„
2024 870 2198 935 redd.
2262 877 2330 934 et
2376 869 2654 946 releviis,

371 970 608 1034 wesdis
659 977 726 1034 et
778 992 944 1035 omn.
993 971 1307 1036 eschaetis
1352 991 1497 1055 quae
1539 970 1692 1035 inde
1723 970 2008 1034 accidere
2053 975 2379 1053 poterunt,
2408 976 2474 1034 et
2503 989 2652 1033 cum

373 1089 543 1133 omn.
589 1070 811 1148 boscis,
857 1071 1077 1154 pratis,
1121 1075 1304 1154 past„
1331 1070 1548 1146 moris,
1577 1070 1888 1146 marisciS,
1919 1069 2104 1145 turb„
2134 1069 2339 1151 aquis,
2366 1069 2649 1150 vivariiS,

374 1167 685 1250 piscariis,
729 1169 877 1246 viis,
920 1171 1187 1246 semitis,
1232 1177 1299 1234 et
1350 1190 1517 1233 omn.
1570 1168 1719 1233 aliis
1770 1169 1982 1245 rebus,
2033 1169 2103 1230 in
2154 1168 2651 1250 quibuscunque

372 1266 533 1331 locis
578 1269 660 1333 ad
703 1269 893 1352 praed.
940 1270 1302 1333 manerium
1352 1268 1576 1352 procul
1620 1274 1737 1332 aut
1779 1288 1978 1351 prope
2028 1267 2256 1350 pertin.
2305 1267 2466 1350 (74),
2511 1267 2652 1331 sine

372 1365 512 1430 ullo
555 1368 1379 1433 retenemento—Habend.
1426 1372 1493 1431 et
1534 1374 1666 1432 ten.
1711 1367 1955 1431 eisdem
1999 1366 2164 1431 Abb.
2198 1373 2264 1430 et
2302 1365 2655 1442 monachis,

373 1472 443 1529 et
486 1486 706 1530 eorum
749 1488 935 1544 succ„
978 1475 1045 1533 et
1086 1467 1258 1533 Eccl.
1306 1487 1440 1532 suae
1484 1466 1888 1549 supradictae,
1932 1466 2002 1529 in
2045 1465 2173 1541 lib„
2215 1485 2351 1548 pur.
2384 1470 2451 1528 et
2478 1485 2654 1548 perp.

374 1563 576 1641 elem,
604 1565 889 1650 imperp.,
920 1587 1068 1631 cum
1098 1588 1266 1631 omn.
1298 1566 1726 1641 libertatibus,
1755 1564 1867 1629 lib.
1901 1572 2204 1641 consuet„
2235 1564 2653 1629 commodita-

371 1662 571 1741 tibus,
622 1671 689 1729 et
739 1686 906 1731 omn.
960 1667 1109 1731 aliis
1168 1666 1471 1751 proficuis
1523 1666 1605 1730 ad
1666 1665 1857 1749 praed.
1909 1686 2080 1731 man.
2141 1666 2210 1728 in
2270 1664 2406 1729 ullo
2464 1664 2654 1728 modo

373 1763 860 1844 pertinentibus.
952 1766 1039 1829 Et
1082 1786 1197 1850 ego
1241 1765 1597 1829 Nicholaus
1645 1770 1711 1829 et
1739 1764 1884 1828 haer.
1917 1765 2047 1829 mei
2086 1786 2231 1829 war.
2264 1764 2453 1847 praed.
2486 1764 2654 1827 Abb.

374 1867 444 1926 et
471 1883 658 1942 mon„
688 1870 757 1928 et
786 1885 906 1929 eor.
939 1885 1126 1942 succ„
1147 1872 1214 1930 et
1242 1865 1411 1929 Eccl.
1443 1885 1576 1929 suae
1606 1864 1863 1947 suprad.
1897 1865 2085 1948 praed
2111 1884 2278 1928 man.
2305 1885 2454 1930 cum
2485 1884 2652 1927 omn.

376 1963 782 2045 supradictis,
825 1972 893 2029 et
935 1986 1011 2029 ea
1054 1966 1195 2049 adq.
1244 1973 1310 2029 et
1355 1965 1478 2029 def.
1525 1970 1747 2028 contra
1791 1985 1844 2028 o.
1894 1963 1954 2027 h.
1988 1969 2055 2029 et
2084 1965 2125 2027 f.
2159 1965 2652 2048 imperpetuum.

375 2061 463 2124 Et
505 2069 581 2126 ut
624 2061 761 2127 haec
799 2084 945 2128 mea
973 2065 1318 2141 concessio,
1347 2064 1676 2140 warentia,
1706 2062 2172 2147 adquietantis‚
2202 2084 2307 2146 qu.
2339 2062 2654 2139 clamatio,

375 2168 444 2225 et
473 2162 760 2227 defensio
789 2172 931 2227 rata
960 2170 1028 2228 et
1055 2164 1309 2228 stabilis
1340 2165 1604 2247 imperp.
1639 2169 2028 2246 permaneat,
2058 2183 2147 2245 pr.
2183 2162 2492 2244 scriptum
2540 2162 2654 2245 sig.

376 2260 507 2324 mei
549 2262 955 2346 appositione
995 2263 1304 2328 roboravi.
1399 2263 1550 2326 Hiis
1592 2261 1882 2326 testibus.
1974 2262 2140 2324 D’no
2196 2261 2527 2325 Willelmo
2576 2260 2656 2324 de

378 2358 611 2424 Rosell.
701 2362 746 2426 J
749 2360 1002 2426 ohanne
1031 2362 1111 2426 de
1146 2363 1442 2425 Bartons..
1532 2361 1866 2425 Willelmo
1891 2361 1970 2425 de
1998 2360 2417 2445 Ugilbardby.
2493 2359 2656 2422 Wil-

376 2457 570 2523 lelmo
622 2461 701 2524 de
755 2461 1143 2546 Dunseleya.
1258 2461 1553 2526 Gslfrido
1606 2461 1688 2524 de
1744 2460 1993 2525 Everle.
2106 2462 2368 2524 Andrea
2420 2461 2656 2525 Scotte.

378 2557 672 2721 Giffilffid⁰
719 2560 961 2626 Penok.
1050 2561 1384 2626 Willelmo
1437 2560 1516 2625 de
1568 2560 1758 2625 Aula.
1852 2560 2149 2626 Galfrido
2202 2561 2282 2625 de
2335 2560 2524 2626 Lith:
2590 2566 2657 2624 et

379 2678 417 2721 a
444 2679 538 2722 us.

1266 2796 1763 2863 CCCOLXXX.

464 2944 638 3030 (81b)
684 2948 870 3012 Omn.
917 2947 1039 3012 hoc
1084 2967 1199 3012 scr.
1232 2946 1347 3011 vis.
1383 2946 1489 3011 vel
1526 2945 1692 3024 aud„
1721 2945 1934 3011 Adam
1966 2948 2044 3012 de
2083 2948 2533 3032 Haukesgart‚¹
2568 2949 2655 3015 fil.

379 3045 682 3111 Nicholai
726 3046 806 3111 de
853 3046 1332 3130 Haukesgarth,
1380 3066 1425 3110 s.
1481 3045 1551 3109 in
1595 3046 1766 3110 D’no
1818 3048 2290 3130 sempiternam.
2382 3049 2658 3113 Noverit

379 3145 552 3209 univ,
598 3152 814 3210 vestra
856 3165 960 3209 me
1013 3166 1205 3221 conc„
1252 3145 1487 3220 remis„
1528 3151 1596 3208 et
1643 3144 1906 3208 omnino
1938 3166 2051 3228 pro
2083 3167 2185 3210 me
2218 3151 2286 3209 et
2316 3145 2462 3210 haer.
2494 3147 2656 3211 meis

378 3245 640 3329 imperp.
674 3266 777 3329 qu.
812 3245 886 3310 cl.
920 3246 1060 3309 Deo
1090 3250 1157 3308 et
1186 3245 1355 3308 Eccl.
1390 3245 1449 3308 S.
1500 3244 1673 3308 Petri
1720 3252 1787 3308 et
1831 3245 1890 3308 S.
1940 3246 2156 3309 Hildae
2202 3245 2279 3309 de
2324 3247 2656 3329 Whiteby,

378 3343 750 3426 Abbatique
796 3351 863 3408 et
905 3343 1238 3407 monachis
1283 3344 1432 3406 ibid.
1466 3343 1607 3407 Deo
1655 3365 1833 3422 serm,
1862 3350 2072 3407 totum
2111 3345 2220 3427 jus
2266 3350 2331 3409 et
2374 3345 2449 3408 cl.
2483 3347 2655 3428 quod

380 3440 592 3520 habui,
638 3442 859 3519 habeo,
904 3443 1043 3507 sive
1087 3443 1354 3527 imperp.
1402 3442 1635 3507 habere
1679 3450 1919 3526 potem,
1964 3444 2033 3506 in
2077 3450 2214 3508 toto
2260 3445 2544 3508 manerio
2576 3446 2654 3508 de

380 3541 853 3626 Haukesgarth,
898 3563 1046 3607 cum
1097 3550 1277 3625 pert,
1320 3547 1397 3605 ut
1441 3543 1508 3605 in
1556 3542 1914 3619 dominicis,
1959 3565 2135 3620 serv.,
2179 3544 2545 3628 villenagiis
2591 3552 2657 3609 et

379 3642 663 3726 cotagiis,
707 3662 855 3705 cum
900 3639 1216 3726 homagiis
1262 3648 1330 3705 et
1373 3661 1530 3705 serv.
1577 3642 1687 3705 lib.
1735 3642 2091 3719 hominum,
2124 3643 2384 3707 villanis
2429 3652 2494 3707 et
2529 3665 2651 3708 eor.

380 3760 523 3825 seq„
568 3748 638 3806 et
674 3742 1085 3818 tenementiS,
1129 3741 1490 3805 redditibus
1551 3748 1618 3806 et
1660 3741 1937 3819 releviis,
1967 3743 2199 3806 wardis
2245 3748 2311 3806 et
2354 3744 2654 3808 omnibus

379 3841 543 3905 esch.
572 3861 720 3924 quae
763 3840 914 3905 inde
957 3840 1245 3905 accidere
1289 3847 1614 3924 poterunt,
1661 3847 1727 3904 et
1771 3862 1919 3906 cum
1961 3863 2127 3905 omn.
2166 3843 2392 3919 boscis,
2434 3843 2656 3926 pratis,

378 3938 588 4022 planis
633 3946 701 4003 et
744 3948 922 4023 pest,
967 3939 1180 4017 moris,
1221 3940 1529 4015 mariscis,
1559 3941 1745 4017 turb„
1775 3941 1979 4022 aqui3‚
2008 3941 2291 4016 vivariiS,
2321 3942 2657 4023 piscariis,2

377 4040 518 4117 viis,
563 4038 831 4115 semitis,
874 4044 941 4103 et
984 4059 1151 4102 omn.
1205 4039 1350 4103 aliis
1394 4040 1602 4115 rebus,
1632 4040 1701 4102 in
1733 4039 2223 4123 quibuscunque
2254 4041 2427 4116 locis„
2457 4063 2655 4126 prope

378 4145 442 4202 et
464 4139 703 4222 procul,
734 4139 815 4202 sd
838 4139 1029 4221 praed.
1054 4160 1218 4203 man.
1249 4139 1482 4222 [pert.],
1513 4140 1653 4203 sine
1675 4140 1810 4204 ullo
1830 4143 2651 4209 retenemento—Habend.

379 4247 443 4302 et
482 4245 630 4314 ten„
660 4237 901 4301 eisdem
930 4238 1095 4301 Abb.
1129 4245 1195 4302 et
1222 4259 1412 4313 mon,
1444 4245 1510 4302 et
1540 4258 1660 4302 eor.
1694 4259 1879 4315 succ„
1910 4248 1976 4304 et
2004 4240 2172 4304 Eccl.
2207 4261 2340 4305 suae
2381 4245 2656 4326 suprad„

378 4338 448 4400 in
496 4338 627 4414 lib„
675 4358 832 4421 pur„
883 4342 949 4401 et
993 4357 1164 4421 perp.
1220 4337 1421 4415 elem,
1474 4337 1762 4423 imperp.,
1809 4361 1957 4403 cum
2009 4362 2176 4405 omn.
2226 4341 2656 4421 libertatibus,

379 4437 521 4518 (82)
548 4437 659 4500 lib.
692 4456 881 4514 cons„
912 4436 1241 4512 commod„
1271 4445 1339 4501 et
1373 4458 1539 4501 omn.
1573 4438 1719 4502 aliis
1763 4441 1973 4522 profic.
2014 4441 2095 4505 ad
2134 4443 2325 4526 praed.
2371 4464 2538 4508 man.
2585 4444 2654 4506 in

592 4559 610 4593 ¹
650 4561 747 4613 See
775 4561 874 4612 No.
904 4563 1024 4623 220,
1052 4561 1156 4613 and
1184 4565 1324 4612 note.
2115 4563 2137 4598 ²
2163 4570 2438 4631 pascariis.
