3254 5140
760 630 1305 684 GARTULARIUM
1335 631 1742 683 ABBATHIAE
1775 632 1874 683 DE
1904 632 2277 685 wfflTEBY.
2565 623 2682 684 671

412 813 587 857 nunc
616 794 889 878 Angliae,
917 816 1032 879 per
1058 795 1310 860 litteras
1340 816 1489 860 suas
1519 802 1815 878 patentes
1847 796 2087 861 eisdem
2111 797 2353 861 Abbati
2384 803 2451 864 et
2474 799 2697 875 Conv.,

410 898 546 956 tam
591 893 671 957 de
716 894 902 959 feodo
947 916 1064 959 suo
1107 896 1362 978 proprio
1394 916 1585 978 quam
1634 895 1871 971 alteria,
1916 896 2200 979 exceptis
2236 897 2373 962 t’ris
2417 905 2484 962 et
2513 905 2692 963 tene·

412 993 649 1056 mentis
678 1013 823 1076 quae
854 993 933 1058 de
962 994 1105 1078 ipso
1135 1014 1369 1077 proavo
1393 994 1562 1057 D’no
1594 995 1788 1078 Regis
1819 1014 1994 1057 nunc
2020 995 2276 1078 Angliae
2306 997 2695 1062 tenebantur

408 1090 481 1153 in
529 1093 759 1175 capite,
811 1094 1129 1158 concessit
1187 1093 1633 1177 adquirendae.
1740 1094 1830 1157 Et
1881 1092 2109 1157 dicunt
2160 1095 2334 1178 quod
2384 1097 2695 1179 praedicta

410 1193 844 1275 messuagium
887 1199 955 1257 et
998 1193 1338 1259 duodecim
1381 1214 1543 1258 acrae
1585 1194 1721 1257 t’rae
1751 1194 1822 1256 in
1853 1193 2344 1278 Middelsburgh
2386 1200 2692 1260 tenentur

411 1289 491 1354 de
521 1292 710 1373 praed.
744 1293 999 1357 Abbate
1044 1298 1111 1357 et
1156 1294 1352 1358 ConV.
1400 1294 1480 1358 de
1512 1294 1819 1377 Whittby
1849 1312 1962 1376 per
2005 1295 2342 1358 servitium
2384 1295 2696 1360 reddendi

411 1389 653 1454 eisdem
696 1412 811 1475 per
855 1413 1117 1469 annum,
1161 1414 1277 1476 pro
1322 1414 1490 1457 omn.
1524 1413 1704 1470 serv„
1735 1394 1893 1458 duos
1939 1394 2178 1458 solidos
2222 1393 2692 1479 sterlingorum.

409 1489 495 1553 Et
523 1490 715 1573 praed.
747 1491 966 1556 Abbas
997 1499 1065 1555 et
1096 1492 1291 1556 Conv.
1325 1513 1402 1555 ea
1445 1491 1736 1575 tene[n]t
1778 1492 2050 1557 ulterius
2082 1492 2161 1557 de
2205 1493 2374 1557 D'no
2419 1495 2594 1578 Rege
2622 1495 2694 1558 in

412 1589 640 1672 capite,
668 1591 740 1654 in
771 1611 999 1673 puram
1030 1596 1096 1654 et
1113 1611 1285 1675 perp.
1319 1591 1522 1669 elem„
1544 1600 1611 1656 et
1634 1592 1856 1657 valent
1884 1613 2259 1676 perannum
2288 1594 2359 1657 in
2390 1595 2691 1659 omnibus

411 1689 691 1753 exitibus
714 1690 908 1773 juxta
942 1710 1159 1753 verum
1190 1689 1474 1755 valorem
1506 1690 1855 1757 eorundem
1887 1698 2015 1756 tres
2059 1691 2310 1757 solidos.
2400 1692 2489 1757 Et
2531 1713 2691 1776 prae-

412 1787 586 1852 dicta
615 1789 1048 1873 messuagium
1079 1797 1145 1853 et
1176 1790 1244 1853 iv
1276 1791 1526 1853 bovatae
1556 1796 1622 1853 et
1653 1797 1782 1854 tres
1813 1789 2007 1854 acrae¹
2042 1792 2191 1867 t'rae‚
2221 1812 2372 1855 cum
2416 1800 2594 1875 pert„
2621 1793 2692 1856 in

411 1887 748 1972 Donnslay
781 1889 1147 1972 supradicta
1176 1895 1479 1953 tenentur
1509 1889 1588 1952 de
1618 1889 1944 1972 praedictis
1973 1890 2228 1953 Abbate
2258 1896 2325 1954 et
2349 1891 2547 1955 Conv,
2579 1912 2695 1975 per

411 2006 569 2049 serV.
602 1987 772 2050 redd.
804 2008 918 2070 per
956 2008 1218 2065 annum,
1263 2008 1377 2071 pro
1408 2007 1574 2050 omn.
1623 2009 1802 2063 serv„
1835 1988 2066 2071 viginti
2111 1995 2178 2052 et
2206 1990 2365 2053 duos
2397 1990 2692 2054 denarios

409 2086 671 2170 argenti.
761 2088 849 2151 Et
898 2088 1190 2170 praedicti
1241 2087 1462 2151 Abbas
1516 2094 1581 2150 et
1636 2087 1835 2151 Conv.
1884 2107 1961 2152 ea
2011 2095 2237 2151 tenent
2288 2088 2562 2153 ulterius
2610 2089 2691 2152 de

410 2185 578 2250 D'no
609 2188 781 2271 Rege
811 2188 882 2250 in
926 2188 1155 2270 capite,
1183 2188 1254 2250 in
1299 2208 1359 2270 p.
1392 2193 1458 2252 et
1502 2208 1674 2270 perp.
1707 2186 1908 2264 elem„
1939 2194 2004 2252 et
2034 2186 2257 2251 valent
2291 2207 2405 2270 per
2445 2208 2690 2251 annum

410 2284 481 2347 in
526 2305 692 2349 omn.
740 2307 856 2362 ex„
892 2287 1086 2369 juxta
1130 2307 1353 2350 verum
1397 2286 1520 2351 val.
1566 2286 1933 2362 eorundem,
1977 2292 2223 2369 septem
2269 2287 2380 2350 sol.
2424 2293 2491 2351 et
2533 2286 2694 2353 duos

412 2383 718 2449 denarios.
809 2386 896 2448 Et
923 2385 1231 2468 praedicta
1259 2385 1697 2469 messuagium
1730 2392 1796 2449 et
1828 2385 1970 2448 duae
2001 2385 2140 2449 bov.
2167 2385 2316 2461 t'rae,
2340 2406 2488 2449 cum
2517 2394 2696 2468 pert„

409 2483 481 2546 in
510 2484 866 2548 Neweham
895 2485 1265 2569 supradicta
1295 2492 1602 2549 tenentur
1633 2485 1712 2549 de
1741 2485 1932 2568 praed.
1963 2485 2220 2548 Abbate
2251 2489 2319 2548 et
2350 2485 2548 2550 Conv.
2579 2506 2694 2569 per

408 2605 568 2648 serv.
615 2585 789 2649 redd.
833 2606 948 2669 per
977 2606 1143 2662 ann.‚
1171 2606 1285 2669 pro
1316 2606 1370 2649 ο.
1403 2606 1470 2663 s.,
1501 2586 1613 2649 xiv
1644 2585 1954 2651 denarios.
2043 2586 2131 2649 Et
2169 2585 2344 2668 praed
2373 2585 2594 2649 Abbas
2625 2592 2692 2649 et

410 2684 608 2748 Conv,
656 2705 732 2749 ea
776 2690 1002 2749 tenent
1044 2686 1317 2749 ulterius
1362 2685 1441 2750 de
1485 2686 1653 2749 D’no
1701 2686 1775 2751 R.
1821 2686 1891 2749 in
1937 2687 2148 2770 capite
2192 2686 2261 2749 in
2307 2705 2366 2768 p.
2405 2691 2471 2750 et
2513 2706 2690 2769 perp.

409 2784 611 2860 elem„
640 2790 704 2848 et
736 2783 957 2848 valent
985 2805 1100 2868 per
1129 2805 1275 2848 ann.
1307 2785 1378 2848 in
1408 2805 1576 2848 omn.
1603 2786 1777 2862 exit„
1798 2786 1991 2869 juxta
2018 2807 2243 2850 verum
2271 2786 2398 2850 val.
2417 2786 2694 2862 eorund„

411 2883 570 2948 duos
602 2904 648 2948 a.
670 2891 736 2948 et
757 2905 870 2950 sex
895 2884 1036 2948 den.
1071 2885 1335 2969 argenti.
1425 2887 1512 2949 Et
1542 2885 1771 2948 dicunt
1794 2884 1966 2968 quod
1997 2906 2128 2949 non
2160 2890 2316 2948 sunt
2346 2884 2548 2968 aliqui
2578 2885 2693 2949 alii

410 2982 608 3046 medii
637 2983 808 3048 inter
836 2984 1080 3047 D’num
1124 2984 1366 3066 Regem
1410 2988 1476 3047 et
1519 2984 1820 3067 praefatos
1850 2982 2274 3059 willelmum,
2304 2982 2350 3046 J
2353 2982 2692 3060 ohannem,

410 3081 748 3164 Agnetem,
778 3082 1124 3146 Isabellam
1155 3089 1221 3146 et
1248 3082 1294 3147 J
1298 3081 1636 3157 ohannem,
1666 3080 1746 3144 de
1776 3081 1964 3163 praed.
1998 3081 2378 3165 messuagiis
2411 3087 2476 3144 et
2505 3081 2692 3144 terris

408 3182 692 3263 praefatis
743 3182 987 3246 Abbati
1033 3188 1101 3245 et
1153 3181 1348 3245 Conv.
1400 3180 1629 3244 dandis
1681 3184 1747 3243 et
1797 3179 2218 3261 assignandis.
2327 3179 2412 3241 Et
2465 3178 2691 3243 dicunt

412 3280 584 3363 quod
628 3285 963 3345 remanent
1005 3280 1248 3345 eisdem
1278 3277 1626 3354 Willelmo,
1656 3278 1702 3342 J
1705 3277 1963 3353 ohanni,
1991 3277 2253 3360 Agneti‚
2299 3277 2593 3341 Isabellae
2625 3283 2692 3341 et

408 3381 454 3445 J
458 3380 697 3443 ohanm'
739 3380 913 3444 ultra
958 3379 1373 3444 donationem
1419 3384 1486 3441 et
1530 3376 2033 3462 assignationem
2079 3375 2350 3439 diversae
2393 3380 2580 3439 terrae
2624 3383 2693 3441 et

409 3486 778 3543 tenementa
829 3499 977 3543 cum
1021 3485 1179 3562 pert.
1232 3477 1303 3540 in
1345 3476 1522 3540 villis
1566 3475 1647 3540 de
1693 3474 1987 3557 Whitby‚
2029 3474 2075 3539 J
2078 3494 2279 3551 arum,
2334 3474 2691 3559 Stokeslay‚

410 3578 588 3640 Aton
637 3578 709 3641 in
758 3577 1117 3654 Cliveland‚
1170 3581 1236 3640 et
1282 3576 1439 3639 alibi
1482 3574 1656 3639 infra
1709 3574 1885 3639 Com.
1937 3574 2146 3650 Ebot„
2191 3594 2335 3656 quae
2386 3579 2693 3638 tenentur

408 3675 489 3740 de
549 3676 738 3758 praed.
798 3677 1056 3740 Abbate
1115 3680 1183 3740 et
1242 3675 1463 3752 Conw,
1521 3679 1587 3739 et
1646 3673 1789 3737 aliis
1860 3672 2132 3736 diversis
2207 3672 2486 3736 dominis
2546 3693 2691 3756 par-

408 3775 676 3851 ticular’,
732 3795 846 3858 per
904 3775 1160 3839 diversa
1218 3773 1498 3850 servitia,
1549 3793 1694 3856 quae
1744 3771 1969 3836 valent
2025 3792 2142 3855 per
2199 3791 2344 3836 ann.
2397 3771 2467 3834 in
2517 3792 2688 3835 omn.

408 3874 690 3937 exitibus
735 3873 806 3936 xl
848 3873 989 3937 libr.
1037 3873 1300 3956 argenti.
1413 3873 1500 3936 Et
1544 3871 1775 3934 dicunt
1816 3870 1991 3954 quod
2043 3870 2352 3953 praedicta
2396 3876 2579 3935 terrae
2624 3875 2691 3936 et

407 3980 641 4038 tenem.
685 3973 927 4038 eisdem
957 3971 1306 4047 willelmo,
1337 3970 1644 4047 Johanni,
1674 3970 1935 4053 Agneti‚
1979 3969 2274 4033 Isabellae
2304 3976 2370 4034 et
2398 3971 2444 4035 J
2447 3970 2689 4034 ohanni

405 4072 804 4137 remanentia
847 4072 1021 4135 ultra
1049 4070 1463 4135 donationem
1493 4075 1560 4133 et
1602 4068 2104 4152 assignationem
2145 4068 2483 4151 praedictas
2511 4070 2688 4133 suffl-

406 4172 581 4235 cient
637 4171 720 4234 ad
779 4169 1277 4235 consuetudines
1338 4176 1405 4235 et
1462 4168 1744 4245 servitia,
1802 4173 1939 4231 tam
1998 4167 2078 4231 de
2137 4166 2461 4251 praedictis
2520 4189 2686 4234 mes·

406 4271 644 4354 suagiis
690 4277 752 4335 et
799 4277 970 4334 terra
1014 4269 1201 4345 datis,
1247 4289 1443 4353 quam
1495 4267 1574 4331 de
1626 4266 1772 4332 aliis
1823 4266 1960 4331 t'ris
2013 4270 2080 4332 et
2130 4268 2517 4331 tenementis
2561 4269 2687 4333 sibi

405 4370 674 4435 retentis
715 4370 933 4435 debita
977 4369 1285 4445 facienda,
1315 4374 1380 4432 et
1415 4367 1497 4433 ad
1528 4367 1746 4430 omnia
1789 4366 1917 4430 alia
1946 4387 2141 4430 onera
2175 4386 2320 4449 quae
2364 4368 2688 4433 sustinue-

404 4476 559 4532 runt
588 4476 656 4534 et
683 4471 1000 4535 sustinere
1026 4473 1512 4543 consueverunt,
1535 4473 1602 4531 et
1626 4467 1696 4529 in
1719 4466 1928 4541 sectiS,
1949 4466 2214 4541 visibuS,
2235 4465 2690 4552 franciplegiis,

1438 4589 1455 4623 ¹
1494 4607 1660 4641 acras.
