3254 5140
608 576 730 634 644
980 583 1524 636 CARTULARIUM
1562 583 1970 635 ABBATHIAE
2009 582 2105 633 DE
2143 583 2512 634 WHITEBY.

605 749 896 833 ejusdem
953 749 1264 834 elegerint
1321 756 1389 812 et
1448 748 1800 823 Pastorem,
1857 748 2196 831 ipsamque
2255 747 2637 812 electionem
2698 748 2888 812 nobis

603 848 1132 931 praesentaverint
1168 849 1315 932 jure
1360 846 1682 912 ordinario
1718 846 2449 910 confirmandam—Nos
2478 846 2772 911 volentes
2816 847 2887 909 in

602 947 806 1030 ipsius
852 947 1185 1012 electionis
1229 947 1485 1030 negotio
1529 951 1779 1010 statuta
1822 944 2132 1009 canonica
2176 966 2251 1009 ac
2281 945 2553 1009 formam
2599 944 2787 1008 nobis
2815 946 2884 1007 in

606 1046 726 1110 hac
755 1054 935 1131 parte
964 1068 1003 1111 a
1024 1048 1170 1131 jure
1190 1047 1497 1111 traditam
1521 1047 1876 1122 observare,
1898 1046 2082 1109 vobis
2106 1046 2574 1110 committimus
2605 1053 2675 1110 et
2703 1066 2887 1109 man—

608 1145 835 1210 damus
879 1151 1216 1230 quatenus,
1261 1146 1418 1210 visis
1461 1145 1904 1229 praesentibus,
1949 1144 2190 1228 absque
2234 1164 2430 1207 morae
2474 1144 2761 1228 diffugio,
2804 1145 2887 1207 ad

609 1245 855 1309 dictum
902 1246 1219 1310 Mon'ium
1264 1265 1377 1328 per
1405 1264 1520 1309 vos
1559 1243 1665 1308 vel
1708 1242 1911 1307 alium
1957 1244 2352 1320 accedentes,
2396 1245 2468 1307 in
2512 1243 2683 1308 Eccl.
2717 1244 2889 1308 Con-

607 1345 896 1408 ventuali
926 1344 1214 1428 ejusdem
1243 1343 1523 1427 publicae
1565 1342 2088 1426 proclamationis
2119 1362 2194 1406 ac
2224 1343 2553 1407 citationis
2598 1343 2883 1408 edictum

609 1447 1008 1525 peremptore
1036 1441 1427 1526 proponatis,
1457 1440 1631 1525 quod
1662 1440 1718 1504 si
1748 1441 1912 1524 quis,
1941 1446 2056 1503 aut
2084 1441 2216 1523 qui,
2245 1441 2594 1525 quicquam
2624 1442 2886 1505 canoni-

610 1560 758 1603 cum
780 1560 1130 1623 proponere
1154 1560 1269 1604 seu
1291 1538 1563 1623 objicere
1587 1539 1864 1603 voluerit
1887 1544 2001 1602 aut
2023 1538 2348 1603 voluerint
2371 1545 2593 1604 contra
2611 1540 2882 1604 formam

610 1637 940 1702 electionis
984 1638 1376 1722 hujusmodi,
1420 1658 1533 1702 seu
1579 1658 1917 1720 personam
1962 1638 2168 1714 electi,
2213 1657 2427 1702 coram
2480 1638 2665 1702 nobis
2710 1659 2883 1702 com-

609 1742 878 1820 pareant
929 1736 1034 1801 die
1082 1737 1347 1801 Sabbati
1398 1736 1692 1820 proximo
1752 1737 1990 1812 futur0,
2040 1736 2345 1801 videlicet
2402 1737 2475 1799 in
2528 1736 2753 1821 vigilia
2806 1739 2878 1801 B.

613 1836 791 1901 Petri
833 1837 915 1899 ad
945 1836 1243 1912 Vincula,
1287 1836 1658 1919 ubicunque
1703 1841 1858 1900 tunc
1902 1836 2215 1900 fuerimus
2259 1837 2330 1900 in
2374 1844 2595 1901 nostra
2623 1836 2884 1913 diocesi,

612 1936 923 2021 quicquid
952 1958 1067 2020 pro
1097 1957 1164 2001 se
1208 1934 1553 2000 habuerint
1581 1956 1778 2019 quare
1824 1935 2095 2000 eandem
2139 1935 2538 2013 electionem,
2566 1942 2760 2020 prout
2802 1938 2886 2000 ad

613 2058 730 2102 nos
761 2037 1013 2114 attinet,
1043 2036 1416 2101 confirmare
1445 2034 1715 2098 minime
1745 2035 2093 2099 debeamus
2123 2055 2239 2118 pro
2269 2035 2546 2099 termino
2589 2055 2885 2119 peremp-

612 2138 777 2200 torio
807 2135 1195 2220 proposituri
1220 2156 1292 2199 ac
1322 2134 1610 2218 legitime
1641 2140 1891 2209 ostens.,
1917 2132 2189 2198 ulterius
2219 2134 2453 2197 facturi
2472 2141 2539 2198 et
2567 2136 2886 2218 recepturi

612 2236 786 2318 quod
808 2235 1068 2319 justitia
1097 2234 1411 2299 suadebit.
1500 2234 1587 2297 Et
1609 2253 1726 2296 nos
1749 2252 1943 2316 super
1962 2232 2157 2316 hujus
2181 2233 2560 2297 executione
2578 2233 2891 2309 mandati,

613 2354 687 2396 ac
717 2333 894 2397 omni
923 2353 999 2397 eo
1030 2332 1201 2416 quod
1233 2332 1512 2396 feceritis
1540 2331 1613 2395 in
1656 2331 1984 2414 praemisso
2014 2331 2096 2394 ad
2126 2330 2375 2395 dictum
2403 2332 2575 2396 diem
2622 2333 2889 2397 Sabbati

615 2430 978 2494 certificetis
1038 2429 1341 2494 distincte
1401 2435 1467 2494 et
1525 2436 1746 2513 aperte
1804 2449 1919 2512 per
1976 2435 2222 2493 vestras
2282 2436 2578 2513 patentes
2637 2431 2890 2497 litteras

615 2529 847 2593 harum
897 2529 1146 2607 seriem,
1204 2535 1271 2594 et
1331 2528 1594 2593 nomina
1653 2548 1977 2613 opponere
2030 2529 2411 2607 volentium,
2463 2530 2520 2594 si
2570 2532 2686 2616 qui
2737 2532 2892 2611 sint,

614 2627 898 2711 plenarie
958 2629 1383 2692 continentes.
1495 2627 1746 2692 Valete.
1859 2628 2108 2692 Datum
2167 2630 2341 2713 apud
2415 2629 2630 2714 Thorp
2690 2653 2889 2716 prope

614 2727 798 2791 Ebor.
832 2747 875 2790 v
920 2725 1193 2790 Kalend.
1227 2725 1527 2811 Augusti,
1557 2727 1648 2789 Αο
1676 2747 1766 2810 gr.
1800 2735 2065 2791 M⁰ccc¹¹¹⁰
2094 2728 2254 2805 xxii,
2283 2735 2349 2792 et
2392 2728 2633 2794 Pontif.
2678 2733 2888 2797 nostri

615 2825 861 2909 quintO.

1037 2937 1384 3001 Asssnsus
1414 2951 1657 3000 nse-ms
1687 2952 2045 3001 Anam-rus
2078 2938 2452 3003 Enscmom.

703 3074 1074 3150 Edwardus,
1124 3080 1262 3150 etc„
1320 3072 1699 3139 Venerabili
1756 3074 1828 3136 in
1889 3073 2147 3139 Christo
2200 3077 2388 3159 patri,
2448 3082 2567 3141 etc.
2657 3078 2890 3143 Sciatis

611 3174 787 3259 quod
830 3173 1132 3238 electioni
1175 3193 1383 3257 nuper
1425 3173 1613 3237 factae
1658 3173 1727 3235 in
1773 3174 1925 3237 eccl.
1974 3174 2408 3239 Conventuali
2452 3175 2532 3240 de
2577 3176 2891 3261 Whiteby

614 3275 694 3339 de
723 3274 959 3338 dilecto
989 3273 1174 3337 nobis
1204 3272 1275 3335 in
1305 3272 1583 3349 Christo,
1612 3271 1807 3335 fratre
1830 3273 2076 3337 Thoma
2105 3272 2186 3337 de
2210 3274 2686 3359 Haukesgarth,
2708 3296 2890 3339 mon·

612 3373 772 3437 acho
803 3372 1089 3456 ejusdem
1119 3372 1387 3448 DomuS,
1414 3371 1487 3434 in
1516 3370 1839 3435 Abbatem
1869 3371 1992 3435 loci
2026 3372 2224 3449 illius,
2254 3373 2528 3457 Regium
2557 3394 2890 3438 assensum

614 3472 1028 3536 adhibuimus
1087 3478 1155 3535 et
1213 3469 1513 3534 favorem.
1626 3471 1715 3534 Et
1771 3470 1895 3535 hoc
1953 3472 2136 3536 vobis
2197 3480 2418 3538 tenore
2475 3475 2889 3558 praesentium

613 3570 1049 3654 significamus
1078 3576 1154 3632 ut
1183 3568 1355 3652 quod
1385 3574 1677 3632 vestrum
1713 3575 1812 3633 est
1840 3570 1910 3632 in
1942 3569 2063 3634 hac
2094 3577 2279 3654 parte
2310 3573 2738 3656 exequamini.
2806 3573 2888 3636 In

614 3671 802 3753 cujus
831 3669 923 3732 rei
963 3674 1106 3731 test.
1138 3667 1254 3731 has
1298 3668 1549 3731 litteras
1581 3675 1833 3733 nostras
1880 3670 2018 3733 fieri
2063 3670 2332 3735 fecimus
2375 3677 2673 3754 patentes
2717 3673 2892 3756 apud

614 3767 847 3832 Thirsk
894 3787 1028 3830 xxv
1072 3766 1177 3831 die
1219 3767 1265 3831 J
1267 3765 1389 3829 ulii
1417 3766 1506 3828 Αο
1548 3767 1733 3850 regni
1775 3768 1982 3831 nostri
2028 3769 2214 3832 xvi¹¹¹⁰
2257 3790 2373 3853 per
2415 3771 2609 3835 breve
2652 3771 2891 3854 privati

617 3867 831 3953 sigilli.

1369 3991 1642 4053 Psr1r1o
1672 4005 1854 4055 mon
1884 3991 2145 4057 Emcn.

704 4131 784 4194 In
823 4128 950 4193 Dei
994 4128 1275 4203 nomine,
1303 4127 1534 4193 Amen.
1625 4128 2024 4192 Praesentata
2067 4128 2270 4205 nobis,
2299 4128 2650 4207 Willelmo,
2679 4132 2893 4213 provi-

614 4228 837 4294 dentia
866 4227 1128 4304 Divina,
1157 4232 1296 4304 etc.,
1318 4226 1631 4292 electione
1662 4248 1778 4311 per
1807 4227 2096 4292 Priorem
2124 4233 2191 4292 et
2223 4227 2633 4293 Conventum
2665 4229 2896 4293 Mon'ii

616 4331 697 4394 de
732 4326 1062 4411 Whiteby,
1104 4332 1340 4391 nostrae
1392 4327 1734 4405 dioceseos,
1779 4327 1859 4392 de
1903 4347 2175 4412 persona
2227 4328 2444 4392 fratris
2497 4327 2760 4393 Thomae
2811 4329 2893 4395 de

617 4424 1073 4509 Haukesgarth
1117 4424 1189 4488 in
1220 4425 1513 4489 futurum
1545 4426 1871 4490 Abbatem
1901 4425 2191 4509 ejusdem
2223 4426 2455 4489 Mon'ii
2499 4427 2897 4492 concorditer

616 4524 951 4600 celebrata,
977 4523 1435 4606 propositoque
1466 4544 1679 4589 coram
1725 4525 1910 4589 nobis
1941 4525 2131 4590 dictae
2160 4524 2494 4589 electionis
2538 4526 2798 4609 negotio
2828 4531 2897 4590 et
