3254 5140
585 544 708 602 720
945 555 1490 608 CARTULARIUM
1529 555 1938 608 ABBATHIAE
1973 554 2070 605 DE
2108 555 2483 607 WHITEBY.

576 739 721 801 quae
751 719 966 782 omnia
996 726 1061 784 et
1089 719 1346 805 singula
1375 720 1678 797 dominia,
1706 719 2010 796 maneria,
2039 721 2174 783 t'rae
2196 725 2262 784 et
2292 725 2678 795 tenemento„
2707 740 2864 783 cum

576 817 723 881 aliis
762 819 1270 901 possessionibus
1315 819 1528 902 praed„
1571 818 1654 882 ad
1699 839 1928 883 manus
1974 818 2502 883 excellentissimi
2544 819 2863 902 principis

576 937 752 981 nunc
776 917 975 982 Henr.
998 933 1137 981 vm.
1163 918 1244 980 D.
1273 917 1369 996 G„
1392 923 1529 994 etc,
1552 917 1968 995 devenerunt,
1991 923 2058 981 et
2085 917 2158 980 in
2180 937 2377 981 manu
2407 937 2523 981 sua
2547 918 2864 993 existunt,

573 1016 820 1079 ratione
878 1015 1097 1080 liberae
1156 1016 1607 1100 resignationis
1668 1024 1735 1080 et
1792 1016 2234 1080 dissolutionis
2296 1016 2582 1098 ejusdem
2650 1037 2864 1100 nuper

576 1114 807 1178 Mon'ii
863 1115 935 1177 in
993 1135 1225 1178 manus
1285 1122 1351 1179 et
1410 1114 1902 1198 dispositionem
1963 1114 2252 1198 ejusdem
2306 1116 2436 1178 d'ni
2495 1115 2689 1199 Regis
2742 1135 2862 1197 per

578 1213 928 1277 Robertum
995 1212 1268 1289 Davell',
1312 1211 1539 1295 'nuper
1595 1213 1923 1276 Abbatem
1984 1212 2143 1276 dicti
2215 1233 2422 1295 nuper
2491 1213 2720 1276 Mon’ii
2789 1220 2860 1277 et

575 1312 775 1395 ejusd.
818 1311 944 1376 loci
992 1312 1211 1388 Conv.,
1254 1311 1474 1374 xiiiim⁰
1517 1310 1620 1375 die
1667 1312 2042 1376 Decembris
2088 1313 2179 1375 Αο
2223 1313 2460 1374 xxxi¹²¹⁰
2511 1312 2672 1375 dicti
2723 1311 2861 1376 d’ni

577 1410 992 1493 Regis—scil.
1051 1410 1220 1473 infra
1276 1415 1533 1492 tempus
1591 1409 1789 1493 hujus
1848 1411 2133 1493 compoti
2191 1431 2447 1474 sursum
2505 1411 2734 1475 reddit.
2790 1418 2862 1475 et

575 1509 775 1573 libere
808 1509 1105 1592 resignat.
1150 1509 1783 1593 computati—videl.
1822 1530 1860 1572 a
1901 1510 2065 1574 festo
2112 1511 2172 1573 S.
2219 1509 2418 1573 Mich.
2467 1510 2862 1594 Archangeli

576 1607 768 1690 praed.
810 1627 979 1670 anno
1019 1607 1179 1670 dicti
1220 1606 1352 1670 d’ni
1397 1607 1589 1691 Regis
1631 1628 1804 1672 nunc
1850 1609 2047 1672 Henr.
2082 1624 2219 1672 vm.
2263 1609 2495 1671 xxxim⁰
2526 1630 2728 1692 usque
2775 1609 2860 1672 ad

576 1706 746 1768 idem
797 1706 936 1770 fest.
987 1706 1046 1770 S.
1108 1706 1199 1769 M.
1260 1704 1579 1790 Archang.
1634 1727 1714 1770 ex
1774 1714 1932 1770 tunc
1990 1727 2165 1789 prox.
2226 1714 2534 1791 sequente
2586 1728 2755 1771 anno
2809 1729 2859 1770 r.

576 1805 866 1888 ejusdem
896 1804 1028 1869 d’ni
1058 1805 1252 1889 Regis
1283 1803 1745 1870 xxxiid0—soiL
1777 1826 1892 1889 per
1919 1826 2126 1869 unum
2156 1825 2396 1870 annum
2429 1807 2768 1891 integrum.

1295 1969 1678 2032 Maxumum
1710 1984 1796 2031 ns
1826 1969 2130 2033 Wm'rsr.

670 2119 1027 2203 Computus
1072 2115 1390 2179 willelmi
1441 2115 1695 2193 Davell,
1743 2115 1904 2182 Coll.
1948 2116 2120 2181 redd.
2168 2122 2234 2180 et
2278 2117 2440 2181 firm.
2486 2118 2618 2181 d'ni
2663 2118 2861 2204 Regis

579 2218 821 2282 ibidem
850 2239 964 2301 per
993 2225 1251 2298 tempus
1281 2213 1679 2298 praedictum.

668 2314 1393 2390 ARRERAGIA.—Nulla,
1424 2312 1578 2395 quia
1604 2313 1852 2397 primus
1884 2320 2235 2398 compotus
2327 2316 2598 2380 Summa
2627 2317 2807 2381 null’.

668 2415 890 2476 FIRMA
947 2428 1305 2476 TERRARUM
1364 2413 2077 2478 DOMINICARUM.—Sed
2129 2413 2280 2477 vide
2342 2421 2715 2498 compotum
2779 2417 2860 2480 de

582 2533 717 2575 xxv
734 2512 798 2575 li.
832 2512 881 2574 ii
899 2532 946 2576 s.
978 2511 1099 2574 viii
1117 2510 1176 2574 d.

668 2612 754 2674 Et
796 2611 876 2674 de
922 2610 1107 2673 firma
1155 2609 1357 2673 scitus
1403 2609 1565 2674 dicti
1612 2632 1819 2694 nuper
1872 2611 2122 2689 Mon'ii,
2173 2633 2305 2676 una
2355 2633 2505 2677 cum
2559 2614 2862 2678 omnibus

580 2709 894 2784 domibus,
923 2708 1229 2784 aedificiis,
1259 2707 1687 2786 columbariis,
1717 2710 1895 2787 ortis,
1924 2711 2250 2795 pomeriis,
2279 2712 2584 2795 gardinis,
2612 2714 2862 2796 stagnis

582 2816 649 2873 et
665 2807 811 2871 aliis
831 2806 1400 2871 commoditatibus
1430 2808 1600 2870 infra
1621 2809 2046 2892 praecinctum
2069 2810 2358 2894 ejusdem
2383 2832 2590 2895 nuper
2610 2811 2862 2889 Mon’ii,

580 2928 656 2971 ac
701 2927 851 2971 cum
894 2906 1079 2970 terris
1123 2905 1622 2970 dominicalibus
1668 2907 1874 2971 eidem
1926 2909 2456 2992 [pertinentibus]
2501 2910 2865 2993 subscript„

578 3011 769 3090 prout
811 3006 882 3069 in
925 3012 1153 3068 tenura
1204 3024 1409 3087 nuper
1451 3004 1730 3070 Abbatis
1775 3013 1843 3070 et
1888 3008 2086 3072 Conv.
2133 3009 2327 3091 hujus
2373 3028 2579 3090 nuper
2629 3009 2862 3073 Mon’ii

579 3104 1119 3170 fuerunt—videl.
1152 3104 1310 3167 firm.
1343 3105 1545 3169 scitus
1576 3104 1736 3168 dicti
1781 3126 1989 3189 nuper
2019 3107 2246 3170 Mon'ii
2276 3107 2357 3170 de
2386 3106 2679 3190 Whetby
2708 3127 2860 3171 cum

580 3204 1008 3280 columbariis,
1053 3204 1228 3279 ortis,
1263 3203 1583 3286 pomeriis,
1612 3204 1897 3287 gardinis
1928 3211 1995 3268 et
2038 3204 2183 3267 aliis
2226 3204 2397 3268 infra
2439 3205 2860 3287 praecinctum

579 3304 900 3388 ejusdem:
946 3303 1045 3365 Ac
1075 3321 1225 3365 cum
1255 3322 1385 3365 uno
1408 3300 1626 3365 clauso
1657 3322 1791 3365 voc.
1824 3302 1877 3365 F
1878 3322 2131 3386 armery
2162 3302 2368 3366 Garth
2394 3311 2561 3367 cont.
2593 3304 2762 3366 infra
2790 3324 2862 3368 se

583 3422 697 3485 per
724 3400 1217 3466 aestimationem
1251 3420 1292 3462 v
1335 3419 1531 3476 acras,
1576 3404 1644 3464 et
1673 3399 1849 3463 valet
1877 3420 1991 3483 per
2034 3421 2180 3464 ann.
2227 3402 2387 3464 xxvi
2409 3423 2457 3467 s.
2489 3401 2605 3465 viii
2622 3402 2680 3465 d.
2771 3403 2862 3467 Et

580 3502 659 3565 de
689 3503 874 3564 firma
916 3500 1111 3563 unius
1157 3498 1362 3563 clausi
1403 3498 1576 3581 prati
1603 3518 1742 3562 voc.
1775 3498 2183 3581 Pedlyngton
2228 3499 2281 3562 F
2283 3500 2502 3576 eildes‚
2544 3506 2712 3564 cont.
2744 3522 2862 3585 per

580 3602 805 3665 aestim.
867 3620 1004 3662 xxx
1062 3619 1256 3676 acras,
1315 3618 1426 3681 per
1484 3618 1632 3661 ann.
1690 3597 1760 3660 xl
1779 3618 1824 3661 s.
1933 3598 2022 3660 Et
2069 3619 2275 3662 unum
2323 3599 2615 3664 clausum
2673 3605 2860 3664 terrae

581 3698 841 3764 arabilis
891 3717 1025 3761 voc.
1077 3696 1561 3779 Wyndemylne
1607 3696 1855 3761 Flattes
1906 3704 2073 3761 cont.
2119 3718 2235 3780 per
2284 3699 2508 3762 aestim.
2572 3719 2663 3761 xx
2715 3718 2862 3775 aon,

583 3852 595 3864 .
651 3848 665 3863 .
719 3848 732 3862 .
789 3818 903 3881 per
962 3816 1105 3860 ann.
1160 3817 1249 3857 xx
1280 3816 1328 3860 s.
1447 3798 1532 3859 Et
1589 3817 1796 3859 unum
1855 3795 2149 3860 clausum
2206 3797 2340 3861 t'rae
2398 3796 2659 3861 arabilis
2716 3817 2855 3861 voc.

583 3896 976 3973 Latheclose,
1026 3899 1193 3959 cont.
1237 3914 1351 3977 per
1401 3895 1627 3960 cestim.
1680 3916 1816 3959 xxx
1865 3914 2061 3971 acras,
2108 3946 2120 3958 .
2167 3946 2180 3958 .
2231 3946 2244 3959 .
2289 3916 2404 3979 per
2454 3917 2602 3960 ann.
2653 3895 2790 3959 xlvi
2809 3916 2859 3959 S.

579 3998 699 4062 viii
717 3997 775 4062 d.
887 3995 973 4058 Et
1024 4014 1228 4057 unum
1287 3992 1579 4058 clausum
1629 4014 1765 4058 voc.
1821 3993 2187 4071 Saltwicke,
2239 3999 2408 4061 cont.
2458 4015 2574 4078 per
2631 3995 2858 4059 aestim.

580 4098 649 4161 xi
700 4116 841 4171 scr„
885 4144 898 4157 .
946 4144 958 4156 .
1009 4144 1023 4157 .
1077 4112 1192 4177 per
1243 4112 1295 4156 a.
1342 4112 1477 4155 xxv
1494 4112 1539 4155 s.
1652 4092 1739 4155 Et
1788 4113 1995 4156 unum
2041 4093 2334 4156 clausum
2385 4100 2665 4177 pasturae
2721 4114 2861 4157 voc.

581 4196 846 4279 Cariage
897 4193 1085 4268 close,
1130 4195 1295 4255 cont.
1341 4211 1455 4274 per
1500 4191 1725 4254 aestim.
1758 4211 1802 4254 v
1831 4211 1972 4268 acr.,
2017 4241 2029 4254 .
2080 4241 2093 4256 .
2141 4241 2154 4255 .
2200 4213 2315 4275 per
2354 4212 2406 4256 a.
2451 4191 2571 4255 xiii
2588 4212 2635 4255 s.
2677 4191 2859 4257 iiiid.

578 4298 666 4361 Et
699 4314 906 4359 unum
946 4292 1022 4357 cl.
1054 4298 1332 4374 pasturae
1373 4310 1509 4354 voc.
1545 4289 2129 4374 Con[dyth]heade,
2175 4310 2228 4354 c.
2272 4310 2387 4373 per
2430 4290 2655 4354 aestim.
2701 4290 2864 4352 xxiv

581 4415 777 4471 acras,
821 4442 834 4454 .
884 4443 897 4456 .
944 4442 957 4454 .
1010 4411 1124 4474 per
1171 4410 1222 4453 a.
1278 4389 1347 4452 xl
1366 4409 1412 4453 s.
1504 4390 1591 4452 Et
1641 4411 1850 4454 unum
1895 4390 1970 4454 cl.
2014 4395 2172 4473 past.
2219 4410 2353 4453 voc.
2402 4388 2767 4464 Oldestede,
2808 4409 2860 4451 c.

579 4515 694 4580 per
752 4498 885 4555 aest.
948 4510 1076 4551 xxx
1127 4508 1267 4564 acr.,
1313 4538 1324 4550 .
1384 4537 1395 4549 .
1454 4538 1465 4550 .
1522 4508 1638 4569 per
1685 4510 1740 4553 a.
1795 4489 1951 4554 xxvi
1971 4511 2017 4554 s.
2077 4489 2195 4553 viii
2215 4488 2270 4551 d.
2362 4488 2449 4551 Et
2507 4508 2710 4551 unum
2777 4486 2858 4551 cl.
