3254 5140
576 592 699 650 418
972 602 1519 655 GARTULARIUM
1556 601 1961 653 ABBATHIAE
2000 601 2097 650 DE
2131 601 2507 653 WHITEBY.

1462 815 1990 880 CGOCLXV1.A„

659 978 1151 1043 Memorandum
1182 978 1355 1061 quod
1394 978 1531 1043 haeo
1578 978 1968 1062 [concordia]
2016 979 2451 1062 suprascripta
2479 979 2650 1044 inter
2686 1000 2848 1062 prae-

571 1078 927 1142 decessores
998 1082 1247 1141 nostros
1314 1083 1380 1142 et
1444 1077 1687 1141 D’num
1762 1078 1842 1141 de
1915 1077 2199 1142 Suetona
2265 1078 2438 1144 faeta
2496 1078 2625 1143 fuit
2682 1078 2844 1142 AD.

571 1175 921 1240 Μῡααοονω.1

658 1274 1152 1339 Memorandum
1196 1275 1369 1358 quod
1408 1275 1526 1338 xiii
1568 1276 1740 1340 facta
1784 1275 1863 1339 de
1909 1275 2193 1340 Snetona
2222 1284 2378 1341 sunt
2407 1276 2474 1339 in
2506 1276 2847 1361 Thesa[u]-

570 1374 735 1438 rario
767 1373 1138 1450 dormitorii,
1166 1374 1247 1438 de
1276 1374 1547 1437 materia
1576 1374 2029 1457 suprascripta.

1455 1569 1954 1635 COCOLXVII.

659 1720 844 1784 Omn.
897 1720 1018 1784 hoe
1062 1739 1176 1783 sor.
1222 1719 1338 1783 vis.
1385 1718 1492 1782 vel
1536 1718 1700 1796 aud„
1744 1719 1914 1784 D'na
1958 1720 2262 1784 Johanna
2307 1719 2386 1784 de
2433 1719 2678 1802 Upsale
2713 1719 2848 1798 filia

568 1819 615 1883 J
617 1818 888 1882 ohannis
933 1819 1012 1882 de
1055 1816 1335 1895 Neville‚
1378 1817 1490 1881 sal.
1536 1818 1607 1881 in
1653 1818 1836 1882 D’no.
1927 1819 1994 1882 N
1995 1839 2091 1882 ov.
2137 1820 2313 1882 univ,
2361 1824 2577 1882 vestra
2619 1839 2740 1895 me,
2776 1820 2847 1881 in

566 1917 675 1981 lib.
709 1917 834 1981 vid.
867 1923 932 1982 et
964 1923 1186 2002 potest
1220 1938 1381 1995 mea,
1411 1938 1600 1993 cono„
1633 1923 1696 1981 et
1728 1918 1955 1994 remis„
1979 1925 2044 1982 et
2074 1918 2336 1981 omnino
2359 1918 2438 1982 de
2468 1938 2572 1982 me
2603 1923 2668 1981 et
2698 1918 2844 1982 haer.

568 2017 729 2082 meis
774 2038 877 2102 qu.
910 2017 984 2081 ol.
1017 2018 1183 2081 D'no
1212 2015 1590 2093 WillelmO,²
1621 2016 1867 2081 Abbati
1910 2017 2078 2081 Eccl.
2113 2017 2172 2081 S.
2206 2017 2384 2081 Petri
2422 2023 2489 2081 et
2519 2017 2577 2081 S.
2628 2016 2848 2080 Hildae

569 2117 648 2180 de
691 2116 1018 2199 Whiteby‚
1063 2122 1128 2179 et
1172 2116 1371 2199 ejusd.
1417 2115 1542 2179 loci
1596 2115 1980 2193 Conventui,
2026 2121 2238 2179 totum
2284 2116 2394 2198 jus
2441 2120 2507 2179 et
2551 2114 2626 2179 ol.
2674 2116 2848 2199 quod

567 2236 854 2300 unquam
889 2216 1105 2293 habui,
1148 2215 1255 2279 vel
1297 2216 1529 2279 habere
1571 2216 1776 2298 potui,
1821 2216 1890 2278 in
1936 2216 2214 2298 quadam
2258 2215 2482 2298 placea
2524 2216 2660 2279 t'rae
2703 2237 2849 2298 quae

568 2321 831 2379 vocatur
863 2315 1315 2399 Shalmerigge,
1338 2315 1594 2397 jacente
1623 2315 1796 2378 inter
1826 2315 2158 2379 Crounbec
2189 2336 2269 2378 ex
2312 2320 2495 2397 parte
2525 2314 2752 2378 boriali
2783 2320 2850 2378 et

568 2414 958 2478 Pattookbec
989 2435 1070 2478 ex
1114 2422 1295 2497 parte
1332 2413 1615 2489 australi,
1660 2414 1730 2476 in
1773 2412 2139 2490 latitudine,
2170 2418 2235 2476 et
2263 2413 2435 2476 inter
2461 2412 2525 2476 le
2570 2413 2848 2496 Rigdike

567 2533 770 2597 usque
801 2513 882 2577 ad
912 2533 1145 2597 aquam
1176 2513 1254 2576 de
1283 2512 1420 2577 Esk
1449 2512 1519 2576 in
1548 2512 1970 2596 longitudine,
1993 2517 2129 2576 tam
2159 2513 2231 2576 in
2261 2512 2378 2576 t’ra
2400 2511 2626 2576 arabili
2651 2533 2848 2596 quam

566 2634 698 2677 non
729 2612 1138 2676 arab—Hah
1169 2618 1235 2676 et
1264 2618 1390 2676 ten.
1423 2617 1626 2676 totam
1655 2612 1845 2695 praed.
1878 2612 2187 2695 placeam,
2217 2632 2366 2676 oum
2395 2618 2572 2695 pert„
2603 2613 2847 2677 eisdem

567 2714 733 2778 Abb.
764 2719 830 2777 et
863 2713 1079 2788 ConV.,
1110 2719 1176 2776 et
1219 2733 1440 2776 eorum
1470 2733 1633 2776 suco.
1681 2712 2016 2789 universiS,
2046 2712 2176 2788 lib„
2208 2733 2331 2794 qu„
2362 2719 2427 2775 et
2471 2713 2735 2796 integre,
2764 2713 2846 2776 ad

568 2811 996 2876 claudendum
1028 2816 1092 2874 et
1115 2811 1558 2874 omnimodum
1581 2812 1988 2875 commodum
2007 2831 2199 2876 suum
2227 2810 2597 2875 faciendum
2619 2832 2846 2876 secun-

566 2913 724 2976 dum
769 2912 941 2994 quod
986 2911 1216 2974 melius
1255 2911 1397 2994 (66)
1444 2912 1535 2975 eis
1581 2910 1865 2974 viderint
1905 2910 2488 2993 expedire—Salva
2535 2911 2735 2975 michi
2781 2917 2848 2976 et

566 3011 713 3075 haer.
746 3010 907 3074 meis
936 3010 1256 3074 universis
1287 3031 1630 3074 communa
1658 3016 1937 3094 pasturae
1968 3012 2040 3073 in
2068 3011 2294 3075 eadem
2336 3011 2577 3094 placea,
2607 3017 2744 3075 tam
2774 3013 2845 3074 in

563 3117 735 3175 terra
764 3111 928 3174 arab.
962 3131 1156 3193 quam
1198 3130 1327 3173 non
1357 3110 1544 3187 arab„
1575 3110 1657 3174 ad
1702 3109 2072 3174 omnimoda
2116 3109 2424 3173 animalia
2466 3116 2703 3185 nostra,
2732 3131 2848 3193 per

562 3216 776 3274 totum
809 3230 1069 3285 annum,
1101 3210 1387 3293 exceptis
1417 3209 1627 3273 bladis
1659 3217 1726 3274 et
1766 3210 1983 3292 pratis.
2073 3210 2161 3272 Et
2204 3209 2538 3273 sciendum
2570 3210 2741 3293 quod
2788 3210 2844 3273 si

563 3309 865 3373 animalia
925 3314 1158 3385 nostra,
1216 3308 1323 3372 vel
1382 3307 1709 3372 haeredum
1769 3308 1874 3372 vel
1933 3307 2270 3371 hominum
2330 3315 2714 3384 nostrorum,
2772 3307 2846 3371 in

560 3416 821 3493 pastura
851 3410 929 3474 de
975 3409 1259 3473 Snetona
1302 3408 1648 3491 pascentia,
1692 3428 1807 3491 pro
1853 3408 2109 3472 defectu
2149 3409 2490 3472 clausturae
2535 3408 2607 3470 in
2649 3409 2843 3490 praed.

560 3509 783 3591 placea
827 3507 905 3571 de
938 3506 1354 3590 Shalnirigge,
1377 3512 1527 3570 ante
1572 3506 1835 3570 bladum
1866 3513 1933 3570 et
1974 3506 2198 3570 fenum
2243 3512 2658 3590 asportatum,
2704 3507 2844 3569 sine

561 3607 774 3671 wardo
833 3613 901 3670 et
965 3607 1295 3688 fugatione
1360 3603 1789 3681 intraverint,²³
1845 3606 1984 3670 sine
2051 3606 2511 3690 impareatione
2578 3606 2844 3669 restrin-

634 3731 652 3764 ¹
690 3730 819 3781 This
844 3730 969 3781 date
994 3730 1121 3780 does
1147 3735 1242 3782 not
1266 3729 1502 3781 coincide
1529 3730 1664 3781 with
1688 3731 1811 3782 that
1835 3732 1890 3782 of
1913 3731 2009 3782 the
2033 3731 2320 3782 document
2344 3730 2507 3782 itself.

630 3812 653 3847 ²
689 3815 744 3866 It
792 3815 837 3865 is
872 3814 1023 3881 quite
1073 3813 1364 3875 uncertain,
1407 3830 1444 3864 a
1480 3816 1668 3878 priori,
1713 3814 1888 3865 which
1930 3815 2115 3867 Abbot
2157 3815 2394 3865 William
2434 3815 2546 3865 this
2584 3831 2708 3879 may
2752 3814 2834 3865 be.

560 3899 797 3949 william
857 3897 923 3948 de
983 3896 1270 3958 Briniston,
1328 3898 1574 3960 1258-65,
1624 3897 1862 3948 william
1923 3897 1990 3948 de
2051 3897 2319 3949 Kirkham
2367 3898 2733 3961 (1278-1304),
2784 3915 2844 3948 or

561 3983 801 4033 william
826 3981 893 4031 de
918 3981 1121 4031 Burton
1150 3982 1440 4044 (1355·74).
1517 3982 1806 4048 Asanming
1842 3981 1967 4032 that
1989 3980 2084 4032 the
2108 3981 2315 4031 Neville
2352 3982 2573 4032 interest
2599 3982 2654 4031 in
2690 3981 2843 4032 these

560 4066 792 4117 Sneaton
819 4064 969 4115 lande
995 4080 1104 4114 was
1130 4064 1454 4130 subsequent
1478 4067 1536 4113 to
1561 4063 1656 4114 the
1681 4064 1849 4129 Percy
1878 4063 2103 4114 interest
2127 4062 2341 4129 already
2366 4062 2546 4125 noted,
2574 4064 2667 4113 the
2690 4062 2842 4114 third

560 4150 616 4200 of
637 4149 730 4199 the
755 4147 965 4198 Abbots
996 4148 1111 4211 just
1146 4148 1490 4199 enumerated
1514 4148 1626 4199 will
1662 4148 1729 4198 be
1752 4148 1845 4197 the
1873 4146 2055 4198 Abbot
2080 4147 2317 4197 William
2354 4146 2615 4212 required.
2693 4147 2839 4197 John

559 4231 625 4282 de
651 4229 877 4291 Neville,
907 4245 1002 4280 son
1029 4229 1084 4280 of
1118 4229 1294 4295 Ralph
1320 4230 1386 4280 de
1423 4230 1633 4281 Neville
1657 4230 1712 4281 of
1750 4229 1921 4295 Baby,
1962 4228 2190 4280 married
2226 4229 2470 4290 Matilda,
2498 4229 2760 4295 daughter
2785 4230 2842 4280 of

560 4313 748 4377 Henry
763 4312 828 4362 de
852 4311 1036 4376 Pei-cy,
1069 4311 1175 4361 and
1198 4311 1305 4362 had
1326 4317 1485 4377 grant
1509 4313 1564 4363 in
1582 4314 1683 4365 tail
1708 4313 1844 4364 from
1867 4312 1952 4363 his
1976 4311 2153 4363 father
2177 4312 2233 4362 in
2263 4314 2399 4364 1344
2427 4311 2657 4375 (Dodsw.
2679 4329 2727 4363 v,
2753 4311 2839 4374 74,

558 4412 608 4462 p.
655 4397 759 4458 15),
795 4394 901 4444 and
937 4393 1181 4444 Johanne
1218 4394 1285 4444 de
1323 4395 1520 4461 Upsale
1558 4413 1684 4462 may
1720 4396 1785 4446 be
1822 4412 1855 4446 a
1892 4395 2156 4462 daughter
2191 4396 2249 4447 of
2285 4395 2394 4447 this
2431 4396 2632 4462 couple,
2664 4395 2840 4447 which

560 4476 739 4530 would
763 4476 886 4542 help
910 4476 968 4526 in
993 4476 1293 4544 explaining
1316 4477 1411 4528 the
1436 4481 1734 4531 succession
1758 4484 1816 4530 to
1841 4478 1934 4530 the
1960 4479 2127 4545 Percy
2152 4479 2384 4532 interest.

630 4559 652 4594 3
688 4563 985 4612 intraverat.
