3254 5140
748 633 1297 687 CARTULARIUM
1334 635 1742 686 ABBATHIAE
1779 635 1878 686 DE
1915 635 2286 688 WHITEBY.
2529 623 2562 685 7
2573 627 2652 683 25

693 875 1046 939 REGTORIAE.
1075 891 1163 937 DE
1193 875 1481 939 WHITBY
1512 890 1652 940 CUM
1683 890 1990 938 CAPELLIS
2020 891 2326 938 ANNEXIS.

460 1008 563 1072 De
591 1031 634 1072 v
656 1009 723 1074 li.
756 1010 835 1073 de
864 1011 1049 1073 firma
1085 1010 1398 1075 Rectoriae
1443 1010 1524 1074 de
1554 1010 1831 1095 Whitby
1861 1010 2051 1093 praed.
2084 1032 2234 1075 cum
2279 1009 2544 1094 capellis
2575 1009 2655 1072 de

372 1108 425 1171 F
425 1108 623 1194 yling‚
656 1110 1385 1194 Hastkar‚-Uglebarby,
1413 1109 1788 1187 Asskedale,
1819 1110 2113 1193 Haselby
2143 1118 2210 1175 et
2236 1109 2553 1192 Dunsley‚
2580 1127 2654 1171 ac

372 1229 522 1272 cum
567 1210 864 1274 omnibus
897 1210 1181 1288 decimis,
1214 1210 1650 1274 oblationibus
1683 1216 1750 1273 et
1792 1209 2096 1292 proficuis
2142 1209 2381 1273 eisdem
2423 1208 2652 1292 pertin.

371 1308 544 1385 ibid„
575 1329 692 1391 per
723 1330 774 1373 a„
807 1310 1095 1374 solvend.
1127 1310 1209 1373 ad
1239 1310 1278 1373 f.
1313 1311 1375 1373 S.
1409 1309 1617 1373 Marci
1647 1305 2085 1393 Evangelistae
2116 1316 2182 1373 et
2202 1309 2261 1372 S.
2284 1308 2558 1372 Martini
2586 1307 2658 1369 in

371 1405 583 1471 hieme
642 1408 991 1491 aequaliter,
1051 1409 1144 1473 sic
1196 1409 1447 1498 ‚dimiss
1501 1409 1765 1472 Thomae
1811 1408 2083 1485 Brooke‚
2133 1408 2483 1492 Armigem,
2541 1427 2656 1490 per

371 1505 616 1571 indent.
647 1509 768 1571 sub
799 1509 912 1593 sig.
950 1509 1160 1573 Curiae
1189 1509 1535 1591 Augment.
1577 1528 1694 1590 pro
1740 1508 2014 1571 termino
2058 1506 2174 1569 lxx
2218 1527 2532 1580 annorum
2576 1510 2653 1567 ut

376 1603 629 1670 dicitur.

1287 1693 1554 1756 Summa
1584 1692 1738 1757 vli.1

1225 1893 1559 1957 memo
1590 1908 1793 1957 Bos01.

458 2015 700 2100 Aliqua
743 2018 1032 2082 venditio
1075 2018 1249 2082 bosci
1295 2017 1450 2082 ibid.
1497 2017 1619 2080 hoc
1665 2037 1835 2079 anno
1881 2036 2010 2078 non
2055 2015 2344 2079 redditur
2373 2036 2447 2079 eo
2478 2016 2650 2098 quod

371 2114 554 2178 nulla
581 2115 955 2199 hujusmodi
985 2117 1275 2181 venditio
1305 2116 1474 2179 infra
1504 2121 1764 2198 tempus
1794 2113 1990 2197 hujus
2014 2115 2293 2197 compoti
2324 2114 2494 2178 facta
2523 2115 2650 2177 fuit

371 2233 486 2295 per
515 2234 777 2283 sacram.
807 2216 1000 2299 praed.
1032 2222 1307 2299 comput.
1344 2235 1537 2298 super
1566 2215 1740 2277 hunc
1772 2218 2162 2296 compotum.

1232 2326 1498 2390 Summa
1527 2326 1792 2389 nullius

1170 2511 1573 2585 PRRQmsrrA
1603 2527 1841 2576 cumen.

457 2638 598 2701 Nec
625 2636 794 2701 redd.
828 2636 906 2701 de
936 2637 1312 2720 perquisitis
1344 2637 1537 2701 curiae
1567 2636 1721 2700 ibid.
1753 2638 1874 2701 hoc
1906 2658 2113 2717 anno;
2158 2658 2232 2701 eo
2262 2636 2435 2722 quod
2466 2635 2649 2700 nulla

367 2735 739 2819 hujusmodi
767 2735 945 2799 curia
973 2736 1141 2799 infra
1169 2744 1430 2819 tempus
1461 2736 1656 2819 hujus
1681 2757 1882 2821 comp.
1903 2744 2083 2802 tenta
2103 2739 2230 2802 fuit
2251 2759 2364 2822 per
2386 2757 2643 2801 sacram.

367 2834 721 2917 supradicti
750 2840 1026 2917 comput.
1060 2854 1253 2918 super
1279 2835 1455 2898 hunc
1485 2841 1874 2918 compotum.

1223 2957 1492 3020 Summa
1521 2958 1787 3022 nullius.

701 3078 967 3142 Summa
998 3076 1215 3141 totalis
1246 3080 1545 3162 Receptae
1574 3080 1796 3141 cxxxii
1817 3080 1881 3143 li.
1914 3081 2074 3142 xviii
2096 3101 2141 3144 s,
2174 3082 2319 3145 vid.

670 3262 1027 3327 STIPENDIA
1058 3278 1334 3326 COMPUT.
1368 3278 1507 3325 CUM
1537 3278 1855 3326 EXPENSIS
1886 3278 2324 3327 NECESSARIIS.

456 3399 641 3464 Idem
685 3405 964 3481 comput.
998 3399 1067 3461 in
1110 3399 1295 3462 feodo
1339 3397 1516 3461 Will.
1563 3397 1819 3476 Davell‚
1864 3399 2235 3481 Receptoris
2280 3406 2346 3463 et
2383 3400 2642 3466 Collect.

362 3498 535 3564 redd.
556 3503 623 3562 et
638 3499 800 3562 firm.
821 3498 1111 3561 omnium
1133 3502 1198 3561 et
1222 3497 1378 3579 sing.
1400 3496 1848 3572 dominiorum,
1866 3497 2313 3575 maneriorum,
2330 3504 2643 3564 terrarum

363 3604 430 3662 et
480 3603 1010 3673 tenementorum,
1070 3617 1142 3661 ac
1203 3596 1475 3660 aliarum
1535 3594 2012 3679 possessionum
2070 3600 2137 3660 et
2193 3598 2638 3663 reventionum
2763 3600 2774 3609 ”

364 3716 893 3781 quorumcunque
924 3697 1095 3760 dicto
1124 3716 1331 3779 nuper
1374 3695 1617 3759 Mon'io
1646 3695 1880 3777 pertin.
1912 3695 1993 3758 ad
2037 3696 2107 3759 xi
2124 3695 2190 3761 li.
2236 3698 2349 3760 xvi
2367 3718 2415 3761 s,
2443 3717 2559 3780 per
2586 3720 2638 3762 a.

365 3795 520 3860 solv.
580 3796 662 3859 ad
720 3796 884 3860 festa
941 3796 1234 3860 Annunt.
1297 3795 1367 3857 B.
1429 3794 1660 3857 Mariae
1718 3793 2005 3878 Virginis
2064 3801 2131 3859 et
2184 3794 2245 3861 S.
2298 3795 2639 3863 Michaelis

362 3894 683 3979 Archang.
715 3895 1063 3978 aequaliter,
1084 3900 1277 3977 prout
1306 3915 1420 3977 per
1448 3893 1762 3975 scriptum
1792 3892 1943 3957 inde
1972 3894 2044 3956 in
2068 3894 2263 3959 Curia
2291 3895 2639 3979 Augment.

362 4000 604 4058 revent.
624 4014 870 4059 coronae
893 3994 1026 4061 d’ni
1047 3994 1239 4077 Regis
1260 3992 1672 4056 irrotulatum
1696 3991 1953 4074 plenius
1977 4000 2260 4075 apparet,
2282 3995 2352 4058 xi
2367 3994 2433 4060 li.
2458 3997 2571 4059 xvi
2589 4017 2638 4062 s,

450 4092 535 4154 In
579 4092 853 4175 stipend.
899 4091 1114 4157 clerici
1156 4091 1355 4155 audit.
1399 4090 1742 4154 scribentis
1794 4089 1970 4155 hunc
2014 4111 2215 4175 comp.
2246 4093 2328 4156 ad
2378 4093 2426 4155 ii
2446 4114 2493 4158 s.
2524 4115 2640 4177 per

362 4211 605 4255 annum
650 4197 841 4274 prout
884 4190 1132 4254 clericis
1162 4188 1361 4253 audit.
1407 4188 1540 4252 d'ni
1585 4188 1781 4272 Regis
1825 4189 2123 4254 Ducatus
2168 4192 2271 4255 sui
2315 4192 2637 4260 Lancastr.

360 4288 622 4353 allocari
652 4288 987 4353 consuevit
1015 4288 1085 4350 in
1129 4285 1402 4371 singulis
1446 4286 1768 4369 computis
1812 4286 2264 4353 Ministrorum
2304 4291 2637 4355 domini—

357 4388 499 4465 viz.,
555 4387 627 4451 in
674 4387 1054 4452 allocatione
1104 4385 1476 4469 hujusmodi
1528 4384 1805 4467 stipend.
1862 4388 2216 4451 secundum
2267 4388 2516 4455 firmam
2571 4399 2634 4456 et

359 4487 660 4551 effectum
692 4494 875 4552 actus
906 4485 1341 4560 Parhementi,
1371 4484 1419 4547 ii
1438 4505 1485 4548 s.

782 4598 802 4632 ¹
838 4598 953 4649 The
977 4614 1094 4650 sum
1122 4597 1301 4649 stated
1326 4596 1383 4647 in
1407 4595 1694 4663 Dugdale's
1721 4595 1958 4649 abstract
1981 4597 2028 4648 is
2051 4600 2175 4650 5:50.

447 4696 587 4744 VOL.
620 4697 688 4745 11.
2263 4688 2299 4743 2
2332 4699 2377 4744 Α
