3254 5140
564 579 688 636 674
932 587 1476 640 CARTULARIUM
1507 585 1915 637 ABBATHIAE
1950 585 2046 637 DE
2081 587 2454 638 WHITEBY.

562 772 677 835 pro
722 757 861 816 tota
903 751 1132 815 villata
1191 752 1270 815 de
1316 751 1580 827 witebi,
1633 772 1749 835 pro
1803 751 2098 816 habenda
2147 752 2632 816 confirmatione
2683 751 2841 814 D'ni

563 851 757 935 Regis
786 851 867 916 de
896 851 1305 915 libertatibus
1336 851 1489 928 suis,
1519 852 1693 916 sicut
1718 852 1945 917 Abbas
1975 857 2043 915 et
2075 851 2449 917 Conventus
2480 851 2562 916 de
2594 851 2842 916 Witebi

559 950 654 1014 eis
677 951 1217 1014 confirmaverunt
1238 957 1305 1014 et
1326 955 1797 1015 concesserunt.
1857 952 2062 1014 Tarm.
2084 949 2168 1014 ad
2191 951 2257 1013 N
2259 951 2449 1027 ata1e‚
2466 951 2538 1014 xl
2557 971 2802 1015 marcas
2827 973 2842 1012 :

559 1050 641 1114 ad
689 1051 954 1126 Pascha,
990 1050 1059 1113 xl
1090 1069 1349 1113 marcas
1420 1050 1888 1114 'Cancellatum
1918 1058 2181 1133 propter
2210 1051 2406 1115 finem
2449 1050 2727 1115 Abbatis
2758 1048 2840 1112 de

561 1149 805 1214 Witebi
835 1150 1147 1233 scriptum
1178 1151 1245 1212 in
1279 1150 1491 1213 rotulo
1522 1150 1791 1214 secundi
1821 1150 1992 1214 anni.

1326 1311 1519 1394 (md.
1551 1331 1609 1394 p.
1650 1316 1728 1373 32
1764 1310 2039 1394 [1199].)

648 1434 1148 1499 Ebor.—Abbas
1172 1433 1252 1499 de
1281 1435 1526 1499 Witebi
1550 1434 1665 1498 dat
1687 1435 1855 1498 D'no
1878 1434 2040 1518 Regi
2062 1456 2107 1498 x
2130 1453 2375 1498 marcas
2397 1455 2512 1517 pro
2542 1433 2839 1498 habenda

555 1533 951 1616 protectione
994 1532 1150 1595 D‘ni
1195 1533 1388 1616 Regis
1440 1553 1523 1597 ne
1565 1541 1847 1616 ponatur
1889 1533 1960 1596 in
2014 1533 2228 1616 placit.
2275 1533 2354 1596 de
2399 1532 2615 1615 aliquo
2660 1534 2835 1616 quod

554 1632 874 1714 pertineat
903 1631 985 1694 ad
1014 1631 1229 1714 ipsum
1258 1631 1367 1696 vel
1394 1632 1870 1697 Monasterium
1912 1652 2106 1696 suum
2136 1631 2310 1715 quod
2338 1638 2521 1696 tenet
2549 1631 2628 1696 de
2658 1632 2834 1716 Rege

555 1731 628 1794 in
657 1730 881 1813 capite.
968 1729 1152 1795 Alibi
1181 1730 1469 1795 inferius.

1317 1891 1509 1976 (Ibid.
1538 1911 1598 1974 p.
1640 1897 1759 1954 100
1793 1891 2070 1975 [1200].)

638 2016 1133 2080 Ebor.—Abbas
1179 2015 1259 2079 de
1294 2015 1542 2079 Witebi
1587 2015 1700 2078 dat
1744 2015 1911 2078 D’no
1943 2015 2106 2099 Regi
2149 2035 2185 2079 o
2229 2036 2475 2080 marcas
2527 2036 2610 2081 ne
2654 2022 2834 2080 carta

551 2114 813 2179 Ricardi
856 2114 937 2179 de
979 2113 1379 2190 Waterville,
1424 2114 1754 2196 quondam
1796 2114 2075 2177 Abbatis
2122 2114 2202 2178 de
2246 2114 2512 2190 Witebi,
2556 2121 2622 2178 et
2660 2115 2829 2179 Con-

549 2219 799 2291 ventus,
829 2214 1242 2277 confirmetur
1271 2234 1309 2277 a
1338 2214 1506 2277 D'no
1538 2213 1728 2296 Rege,
1759 2233 1904 2296 quae
1935 2233 1969 2277 c
1999 2233 2233 2276 marcae
2263 2215 2558 2298 superius
2588 2221 2830 2278 notatae

550 2319 708 2378 sunt
736 2313 809 2377 in
837 2313 1048 2378 rotulo
1078 2313 1273 2396 primi
1301 2313 1473 2376 anni.
1564 2312 1840 2376 Termin.
1871 2312 2043 2375 infra
2072 2333 2332 2376 annum.

1249 2476 1447 2558 (md.
1480 2475 1571 2537 Ao
1606 2481 1641 2537 2
1675 2475 1823 2540 Joh.
1859 2475 2133 2559 [1200].)

635 2600 1097 2665 Ebor.—Idem
1126 2602 1349 2664 Abbas
1395 2600 1508 2664 dat
1552 2622 1588 2665 c
1631 2601 1829 2664 libras
1872 2606 1949 2665 ut
1979 2601 2237 2684 loquela
2281 2601 2451 2666 inter
2494 2604 2710 2686 ipsum
2759 2612 2830 2670 et

544 2698 894 2783 burgenses
940 2699 1020 2762 de
1049 2699 1315 2783 Witeby
1348 2698 1427 2763 de
1472 2707 1648 2763 carta
1691 2700 1882 2783 praed.
1918 2700 2177 2764 Ricardi
2223 2701 2301 2765 de
2331 2702 2714 2768 Waterville
2760 2712 2828 2769 et

547 2798 924 2863 Conventus
955 2798 1035 2862 de
1064 2799 1334 2883 Witeby
1358 2799 1658 2862 audiatur
1687 2819 1898 2862 coram
1923 2800 2090 2863 D’no
2122 2800 2314 2883 Rege,
2343 2809 2409 2865 et
2440 2801 2829 2866 discutiatur

542 2897 804 2974 ibidem,
834 2902 1053 2960 utrum
1082 2898 1304 2962 Abbas
1349 2904 1416 2961 et
1446 2898 1643 2962 Conv.
1678 2897 1758 2961 de
1786 2898 2055 2981 Witeby
2084 2905 2390 2981 poterunt
2420 2900 2569 2965 dare
2598 2900 2826 2986 hujus-

542 2996 719 3060 modi
748 2995 1077 3060 libertates
1109 2997 1554 3081 burgensibus.
1647 2996 2023 3060 Terminum
2053 2997 2224 3060 infra
2257 3019 2518 3064 annum.

1135 3209 1550 3273 Doxxvu.
1599 3208 1942 3292 (Dugdale,
1974 3209 2012 3271 i.
2049 3209 2221 3289 409.)

600 3348 842 3411 CARTAE
872 3364 960 3410 An
990 3348 1429 3411 WHITBIENSE
1460 3347 1839 3411 COENoBmM
1870 3346 2295 3428 (ANTIQUITUS
2328 3346 2762 3412 S'rannsmm

832 3460 1313 3540 NUNCUPATUM)
1344 3475 1417 3522 m
1446 3475 1623 3521 Asso
1655 3459 2075 3521 EBORACENSI
2108 3474 2529 3524 SPECTANTES.

626 3596 822 3660 Num.
859 3600 910 3658 1.
959 3595 1252 3658 Historia
1282 3593 1707 3658 Fundationis
1742 3593 2050 3658 Coenobii.
2141 3594 2386 3677 [Flores
2416 3594 2589 3661 Hist.
2620 3618 2734 3681 per

1416 3693 1624 3758 Math.
1656 3692 1957 3776 Westm.]
2203 3727 2211 3734 ·

625 3828 817 3893 Anno
845 3828 1067 3912 gratiae
1090 3828 1241 3892 Dclv
1268 3828 1488 3892 Penda
1519 3828 1661 3892 Rex
1691 3828 2099 3903 Merciorum,
2124 3829 2396 3912 jubente
2421 3831 2820 3896 Cadwallino

539 3928 881 3993 Britonum
933 3948 1095 4012 rege,
1141 3927 1603 3991 innumerabili
1651 3928 1940 3992 exercitu
1992 3927 2278 4004 collect0,
2330 3929 2396 3992 N
2397 3929 2819 3995 orthanhum-

535 4029 743 4094 briam
785 4028 1036 4111 petivit.
1126 4028 1219 4090 At
1264 4026 1518 4091 Oswius
1564 4027 1945 4092 necessitate
1986 4027 2375 4111 compulsus,
2419 4030 2715 4111 promisit
2759 4031 2822 4095 ei

537 4128 802 4192 donaria
843 4126 1068 4202 multa,
1100 4132 1168 4190 et
1209 4134 1587 4190 ornamenta
1622 4127 1878 4209 regalia,
1907 4132 1999 4203 ut,
2029 4126 2220 4191 rebus
2264 4126 2517 4192 bellicis
2561 4137 2821 4211 praeter-

534 4227 768 4302 missiS,
790 4223 1217 4288 amicabiliter
1237 4224 1316 4288 ad
1348 4224 1605 4308 propria
1633 4224 1885 4289 rediret.
1977 4225 2271 4308 Cumque
2300 4224 2413 4289 ille
2443 4227 2669 4308 preti0,
2701 4248 2820 4292 nec

533 4326 830 4410 precibus
861 4324 1268 4407 adquiescere
1298 4324 1514 4401 vellet,
1542 4344 1656 4387 rex
1687 4322 1768 4387 ad
1801 4324 2099 4388 divinum
2145 4324 2438 4409 confugit
2481 4326 2821 4403 auxilium,

535 4430 613 4487 ut
641 4424 722 4487 ab
752 4424 1087 4505 impietate
1114 4423 1443 4487 barbarica
1472 4429 1737 4506 possent
1765 4422 2041 4500 liberari,
2063 4430 2340 4507 votoque
2363 4444 2501 4488 sese
2525 4425 2820 4511 obligans

534 4524 661 4587 ait:
706 4529 738 4555 “
760 4522 828 4585 Si
859 4542 1145 4605 paganus
1176 4522 1383 4586 nescit
1426 4529 1649 4586 nostra
1688 4523 1974 4605 accipere
2018 4522 2301 4600 donaria,
2348 4524 2689 4588 offeramus
2735 4526 2820 4589 Ei
