3254 5140
550 489 675 548 682
821 524 830 534 ·
914 499 1462 553 CARTULARIUM
1498 500 1904 552 ABBATfflAE
1943 501 2041 551 DE
2074 500 2449 552 WHITEBY.

542 663 671 747 ipsi
701 664 774 729 R.
807 665 887 729 de
915 664 1221 730 Witevile
1265 664 1416 730 dedi
1458 665 1915 749 Langlesetorp
1945 673 2013 729 et
2042 664 2305 730 Cercebi
2342 672 2409 729 et
2437 662 2733 739 Mildebi,
2764 666 2833 726 et

543 763 880 828 servitium
910 763 1105 828 Liulfi
1135 763 1215 828 de
1243 764 1362 828 t'ra
1391 763 1470 828 de
1503 764 1819 829 Graston:
1865 763 2196 828 Willelmo
2232 764 2366 829 filio
2397 761 2652 827 Warini-
2682 760 2834 825 dedi

544 862 824 928 Tomton
854 883 1004 928 cum
1046 862 1146 927 iiii
1190 884 1308 928 car.
1340 869 1540 941 terrae,
1571 868 1637 928 et
1680 884 1830 929 cum
1871 863 2244 929 hominibus
2276 864 2391 948 qui
2419 863 2493 926 111
2522 863 2615 928 eis
2657 869 2832 940 sunt,

542 970 804 1046 propter
853 962 1000 1027 illas
1053 963 1214 1027 duas
1273 983 1392 1028 car.
1455 964 1590 1027 t'rae
1650 968 1717 1026 et
1770 962 2104 1027 dimidiam
2156 984 2316 1047 quas
2374 963 2516 1046 ipse
2574 962 2832 1027 reddidi

543 1060 928 1127 Elemosinae
975 1062 1034 1127 S.
1085 1062 1261 1127 Petri
1308 1067 1374 1127 et
1426 1062 1680 1127 Sarlom'
1732 1062 2064 1128 11101188110.
2171 1061 2410 1127 Raulfo
2462 1061 2542 1126 de
2589 1060 2830 1125 Pavele

541 1160 793 1225 reddidi
823 1167 1028 1226 totam
1049 1162 1236 1227 t'ram
1267 1181 1451 1226 suam
1471 1167 1537 1225 et
1559 1161 1902 1244 pecuniam
1926 1160 2120 1226 sicuti
2152 1182 2228 1225 ea
2247 1159 2480 1225 melius
2497 1158 2827 1223 habuerat.

546 1259 783 1325 Raulfo
834 1261 916 1326 de
970 1262 1143 1326 Buce
1190 1259 1445 1326 reddidi
1503 1281 1689 1325 suam
1748 1267 2001 1324 terram.
2109 1261 2354 1325 Wence
2405 1279 2589 1324 suam
2640 1259 2829 1322 t'ram

542 1358 794 1423 reddidi
823 1360 993 1424 sicut
1020 1380 1171 1425 eum
1200 1359 1496 1424 saisitum
1525 1359 1767 1424 inveni.
1857 1359 2043 1423 Filiis
2072 1359 2323 1423 Anneis
2353 1356 2606 1422 reddidi
2639 1357 2828 1419 t’ram

542 1458 744 1541 patris
796 1459 900 1523 sui
945 1465 1021 1523 ut
1073 1465 1341 1523 teneant
1390 1458 1574 1524 illam
1618 1459 1740 1522 sub
1786 1458 2064 1543 Hugone
2109 1458 2188 1523 de
2233 1458 2545 1540 RamPan,
2590 1461 2657 1519 et
2700 1455 2831 1539 ipsi

545 1556 811 1642 Hugoni
840 1557 988 1623 dedi
1019 1558 1067 1622 ii
1098 1579 1220 1623 car.
1251 1565 1440 1623 terrae
1467 1559 1538 1622 in
1571 1558 1823 1623 Circebi
1852 1558 1925 1622 in
1954 1557 2272 1622 escambio
2302 1557 2418 1620 ubi
2462 1556 2602 1639 ipse
2629 1554 2830 1618 aliam

541 1676 724 1720 suam
768 1656 953 1721 t’ram
996 1657 1290 1722 habebat.
1383 1657 1635 1721 Britoni
1680 1657 1930 1722 reddidi
1975 1657 2161 1721 t'ram
2206 1676 2390 1722 suam
2420 1654 2500 1719 de
2531 1653 2715 1719 Smid
2759 1660 2830 1718 et

541 1757 882 1840 pecuniam
926 1778 1108 1821 suam
1155 1777 1350 1841 quam
1394 1757 1534 1842 ipse
1577 1762 1936 1822 monstrare
1979 1757 2264 1841 potuerit
2307 1755 2481 1839 quod
2525 1753 2830 1839 perdidit.

541 1856 629 1920 Et
667 1861 741 1921 tu
770 1857 1118 1935 Willelme,
1164 1858 1361 1922 frater
1404 1877 1603 1934 meus,
1635 1857 1832 1922 redde
1863 1857 2130 1922 Giraldo
2175 1855 2571 1921 escambium
2615 1874 2828 1931 suum,

542 1964 608 2021 et
659 1958 980 2022 Burnulfo
1031 1979 1259 2023 nemus
1320 1978 1512 2022 suum
1564 1957 1645 2022 de
1697 1958 2013 2022 Stantona
2063 1964 2129 2022 et
2178 1954 2458 2021 Unfrido
2510 1954 2828 2037 Hastings

541 2057 726 2122 t'ram
770 2077 954 2122 suam
985 2057 1067 2122 de
1096 2058 1445 2122 Noteherst
1474 2076 1672 2141 quam
1702 2056 1841 2140 ipse
1886 2057 1949 2120 N
1953 2056 2046 2141 ig⁰
2077 2055 2388 2132 servabat,
2419 2061 2486 2120 et
2529 2053 2827 2118 Bussello

540 2157 620 2221 de
673 2157 1069 2222 Landeforde
1120 2158 1144 2221 i
1192 2163 1570 2222 carucatam.
1693 2157 1950 2221 Terram
2003 2155 2083 2221 de
2130 2154 2472 2220 Landeleie
2516 2173 2660 2237 quae
2695 2152 2828 2215 fuit

541 2256 850 2321 Rannulfi
927 2257 1006 2322 de
1088 2256 1485 2322 Laudeforde
1560 2256 1707 2321 volo
1789 2262 1867 2321 ut
1943 2256 2172 2321 reddas
2250 2275 2393 2320 eam
2462 2252 2824 2317 haeredibus

541 2355 848 2419 Rannulfi
878 2354 935 2419 si
979 2376 1122 2420 eam
1164 2355 1593 2440 requisierint.
1683 2354 1830 2420 Hoc
1876 2355 2270 2420 escambium
2301 2353 2476 2438 quod
2513 2371 2628 2437 ego
2672 2349 2826 2415 dedi

542 2454 818 2518 Ricardo
873 2453 951 2518 de
1011 2454 1358 2519 Davidvile
1410 2455 1479 2518 in
1533 2454 1838 2519 Frethebi
1889 2459 2093 2519 totam
2144 2454 2253 2538 p't'
2296 2452 2390 2516 vii
2442 2452 2822 2516 bovatarum

540 2574 701 2638 quas
730 2552 976 2618 Alured
1004 2559 1202 2631 tenet,
1232 2559 1299 2618 et
1326 2553 1397 2633 in
1426 2553 1620 2619 Alebi
1650 2554 1726 2618 iii
1754 2561 2084 2620 carucatas
2108 2560 2175 2618 et
2204 2551 2542 2617 dimidiam
2571 2555 2636 2615 et
2665 2550 2821 2615 dim.

538 2653 874 2733 bovatam3
919 2660 986 2718 et
1014 2652 1302 2717 Waltero
1333 2653 1413 2717 de
1450 2653 1680 2718 Insula
1709 2654 1985 2738 Aletorp
2015 2653 2096 2719 de
2142 2652 2371 2717 Insula
2398 2651 2470 2715 in
2501 2649 2822 2715 escambio

538 2758 726 2817 terrae
770 2772 919 2817 suae.
1009 2752 1095 2816 Et
1138 2758 1231 2830 tu,
1258 2752 1610 2830 Willelme,
1654 2753 1851 2817 frater
1893 2774 2095 2829 meus,
2138 2751 2334 2816 redde
2378 2750 2702 2815 Rodberto
2740 2748 2823 2813 de

538 2851 824 2917 Walvile
871 2902 885 2917 .
933 2901 947 2919 .
995 2901 1010 2919 .
1056 2902 1069 2918 .
1117 2852 1201 2917 ad
1251 2852 1475 2917 valens
1528 2852 1610 2916 ad
1661 2852 2017 2917 terminum
2069 2872 2278 2930 suum,
2329 2857 2397 2916 et
2442 2869 2576 2914 non
2625 2848 2826 2913 faciat

536 2952 878 3017 servitium
907 2971 1245 3036 quousque
1271 2951 1395 3017 hoc
1424 2951 1678 3030 habeat,
1707 2952 1836 3016 nisi
1864 2972 1981 3035 pro
2011 2951 2037 3015 i
2064 2950 2289 3016 milite.

705 3177 1229 3244 DOXXXVIII.
1276 3177 1620 3262 (Dugdale,
1651 3177 1829 3242 Mon.
1860 3198 1920 3242 V.
1950 3197 2012 3260 p.
2047 3182 2190 3242 515.
2239 3176 2435 3241 Num.
2467 3176 2651 3276 111111.)

1213 3301 1649 3365 GENEALOGIA
1679 3300 2156 3366 mummolum}

625 3434 995 3501 Willelmus
1054 3436 1134 3501 de
1193 3438 1414 3521 Pemy,
1467 3437 1678 3502 dictus
1737 3457 1856 3503 ove
1912 3437 2064 3523 le[s]
2118 3457 2457 3523 gernouns,
2507 3438 2690 3504 venit
2746 3439 2819 3504 in

536 3534 845 3619 Angliam
889 3550 1037 3600 cum
1084 3536 1539 3621 Conquestore‚
1578 3544 1646 3602 et
1687 3537 1828 3622 ipse
1870 3538 2097 3622 genuit
2139 3537 2430 3603 Alanum
2473 3539 2553 3604 de
2597 3539 2821 3624 Per-cy,

539 3635 867 3718 sepultum
895 3635 1069 3719 apud
1104 3635 1465 3722 Radynges.
1554 3637 1658 3703 De
1688 3637 1901 3701 Alano
1948 3638 2256 3722 processit
2285 3638 2676 3716 Willelmus,
2705 3640 2821 3723 qui

537 3735 800 3819 quidem
851 3735 1223 3801 Willelmus
1281 3737 1583 3803 fundavit
1641 3737 1994 3803 Abbatiam
2053 3738 2135 3804 de
2194 3738 2430 3824 Sallay,
2482 3747 2548 3805 et
2596 3740 2824 3825 genuit

607 3883 629 3918 ²
664 3883 794 3936 This
826 3883 873 3936 is
905 3900 1005 3935 one
1041 3885 1098 3936 of
1132 3885 1283 3937 three
1319 3885 1534 3937 ancient
1567 3885 1897 3953 genealogies
1933 3886 1990 3938 of
2023 3886 2119 3938 the
2155 3887 2352 3954 Percys
2374 3886 2551 3940 which
2585 3904 2728 3939 seem
2764 3893 2823 3940 to

533 3968 691 4020 claim
714 3984 748 4019 a
770 3968 917 4035 place
940 3985 1133 4037 among
1156 3969 1250 4021 the
1275 3970 1430 4020 other
1452 3969 1767 4022 documenta
1792 3971 2085 4023 connected
2108 3971 2243 4023 with
2267 3971 2362 4023 the
2386 3971 2504 4023 first
2537 3976 2691 4039 great
2720 3973 2823 4025 Re·

532 4052 723 4119 ligious
747 4052 930 4105 Hense
952 4053 1191 4105 founded
1213 4052 1289 4119 by
1313 4069 1413 4105 0118
1437 4054 1495 4105 of
1528 4053 1693 4116 them,
1721 4054 1829 4105 and
1852 4055 1898 4106 it
1921 4055 1967 4105 is
1992 4053 2326 4106 remarkable
2350 4071 2408 4106 as
2431 4053 2605 4123 being‘
2620 4056 2824 4122 mainly

533 4139 751 4199 correct,
778 4152 837 4187 so
862 4136 945 4187 far
968 4153 1026 4188 as
1049 4137 1096 4189 it
1119 4153 1259 4204 goes.
1333 4137 1448 4189 The
1485 4153 1627 4190 same
1653 4141 1850 4189 cannot
1883 4138 1949 4188 be
1985 4138 2101 4189 said
2126 4138 2183 4189 of
2217 4138 2389 4191 either
2414 4139 2471 4189 of
2505 4138 2599 4189 the
2625 4138 2820 4200 others,

534 4218 656 4281 and,
681 4236 818 4271 were
841 4219 888 4271 it
911 4226 1007 4272 not
1031 4220 1115 4272 for
1136 4220 1232 4272 the
1256 4221 1573 4273 marvellous
1597 4221 2017 4273 contradictione
2040 4221 2291 4273 involved
2316 4222 2374 4273 in
2397 4220 2486 4273 old
2510 4222 2825 4273 documento

531 4301 746 4369 dealing
768 4302 902 4353 with
928 4304 1022 4355 the
1046 4304 1258 4355 ancient
1286 4304 1497 4372 history
1521 4305 1578 4356 οἱ
1611 4305 1706 4356 the
1733 4304 1942 4371 Abbey‚
1969 4322 2027 4357 as
2051 4306 2214 4357 noted
2239 4306 2298 4355 in
2322 4304 2416 4356 the
2441 4305 2823 4371 Introductory

532 4385 809 4451 Chapters,
843 4386 947 4436 and
972 4387 1057 4436 for
1081 4387 1173 4438 the
1197 4387 1313 4438 still
1338 4404 1481 4438 more
1507 4388 1830 4456 astounding
1853 4393 2168 4441 statements
2193 4389 2347 4440 made
2373 4388 2629 4455 touching
2665 4405 2824 4439 mem-

527 4470 648 4520 bers
672 4468 728 4518 of
751 4469 845 4520 the
872 4470 1039 4533 Percy
1055 4470 1243 4536 family
1266 4470 1322 4520 in
1347 4471 1398 4520 N
1402 4489 1445 4522 o.
1477 4474 1599 4535 376,
1617 4489 1717 4523 0118
1738 4472 1915 4523 would
1939 4472 2006 4523 be
2031 4488 2177 4523 more
2196 4471 2427 4522 inclined
2450 4476 2510 4523 to
2533 4472 2736 4523 marvel
2765 4479 2823 4523 at
