3254 5140
785 603 1331 656 CARTULARIUM
1367 603 1773 655 ABBA'rmAE
1810 603 1907 654 DE
1942 603 2318 655 WHITEBY.
2563 592 2686 652 763

416 763 621 842 Close,
650 774 816 832 cont.
851 789 965 852 per
993 767 1217 832 aestim.
1247 776 1376 833 tres
1411 788 1625 848 aoras;
1668 767 1796 830 alio
1826 767 2043 832 clauso
2073 787 2207 832 voc.
2239 769 2452 852 Lange
2481 768 2692 832 Parke

413 867 578 926 cont.
610 884 724 948 per
751 865 977 931 aestim.
1007 887 1208 930 unam
1237 887 1487 947 acram3
1530 871 1596 930 et
1624 864 1848 930 dimid.
1879 865 2006 930 alio
2037 866 2253 931 clauso
2275 887 2408 931 voc.
2433 867 2692 951 Mylne-

413 960 556 1026 dale
586 969 750 1029 cont.
782 985 897 1048 per
926 967 1151 1031 aestim.
1182 965 1232 1028 ii
1260 986 1478 1046 acras;
1521 965 1570 1028 ii
1599 966 1819 1048 parvis
1849 966 2069 1030 croftis
2092 985 2226 1031 voc.
2253 966 2692 1050 Cole-garthoe

411 1066 579 1125 cont.
621 1083 737 1147 per
779 1065 1005 1130 aestim.
1052 1065 1126 1127 iii
1169 1085 1384 1145 acras;
1429 1064 1556 1129 alio
1601 1065 1818 1128 clauso
1862 1085 1995 1129 voc.
2042 1064 2480 1148 Lyndeholme
2526 1072 2692 1128 cont.

412 1180 526 1242 per
553 1162 778 1228 aestim.
810 1171 939 1229 tres
969 1185 1147 1229 acras
1176 1164 1345 1248 plen.
1377 1163 1606 1243 bosco3
1650 1163 1777 1227 alio
1821 1163 2040 1228 clauso
2092 1183 2225 1228 voc.
2256 1163 2497 1247 Myr-es,
2525 1171 2692 1227 cont.

412 1279 528 1341 per
569 1261 796 1325 aestim.
841 1283 1039 1326 unam
1085 1283 1317 1340 acram,
1359 1283 1506 1327 oum
1551 1268 1732 1345 pert„
1779 1269 1847 1326 et
1897 1262 2069 1328 redd.
2120 1282 2236 1345 per
2285 1283 2431 1326 ann.
2485 1262 2626 1325 xxii
2644 1283 2690 1326 s.

416 1358 600 1422 Idem
630 1359 1004 1426 Willelmus
1048 1368 1229 1427 tenet
1272 1383 1477 1426 unum
1523 1362 1816 1425 clausum
1859 1382 2066 1446 nuper
2093 1361 2173 1426 de
2202 1366 2387 1425 vasto
2417 1361 2550 1425 d'ni
2593 1362 2693 1425 in-

413 1455 666 1522 clusum
704 1479 839 1525 voe.
870 1460 930 1526 le
963 1461 1178 1538 Intak,
1209 1466 1373 1525 cont.
1407 1481 1523 1545 per
1565 1460 1791 1525 aestim.
1824 1481 2023 1524 unam
2067 1481 2385 1537 acr.,oum
2419 1468 2596 1544 pert„
2626 1467 2693 1524 et

414 1574 457 1619 r.
499 1576 615 1639 per
665 1578 719 1622 a.
772 1558 823 1621 ii
842 1580 888 1624 s.
978 1560 1354 1626 willelmus
1406 1561 1712 1643 Postgate
1761 1560 1842 1624 de
1889 1559 2207 1644 Sleightes
2254 1566 2437 1625 tenet
2484 1580 2689 1623 unum

412 1659 666 1732 tenem,
696 1676 844 1720 cum
887 1665 1066 1741 pert„
1108 1658 1180 1722 in
1224 1657 1562 1743 Sleightes,
1593 1663 1660 1722 et
1701 1678 1907 1722 unum
1952 1657 2242 1722 clausum
2272 1678 2406 1723 voc.
2439 1657 2692 1722 Lasand

416 1752 620 1830 Close,
643 1774 790 1819 cum
808 1763 986 1838 pert„
1004 1761 1071 1821 et
1093 1778 1138 1821 r.
1163 1755 1315 1822 inde
1343 1776 1457 1841 per
1485 1777 1540 1820 a.
1571 1757 1731 1820 xxvi
1749 1777 1796 1821 s.
1817 1756 1934 1819 viii
1953 1757 2012 1821 d.
2100 1756 2455 1822 Nicholaus
2480 1757 2691 1840 Chap-

414 1870 564 1914 man
605 1858 786 1917 tenet
817 1874 1020 1917 unum
1061 1862 1294 1919 tenem.
1326 1855 1396 1917 in
1435 1854 1534 1918 lez
1579 1853 1938 1938 Sleyghtes,
1967 1875 2114 1918 oum
2159 1861 2337 1937 pert„
2367 1861 2433 1919 et
2462 1876 2507 1920 r.
2539 1855 2692 1918 inde

413 2050 616 2113 orosto
639 2056 705 2114 et
726 2050 933 2116 tribus
952 2051 1285 2129 clausuris,
1304 2073 1451 2116 oum
1473 2052 1626 2127 t'riS,
1656 2050 1858 2135 pratis
1882 2058 1949 2116 et
1969 2053 2222 2135 pascuis
2241 2060 2307 2116 et
2324 2051 2603 2134 pasturis
2627 2058 2693 2116 et

413 2151 772 2214 communis
803 2149 1011 2215 eidem
1042 2150 1535 2234 pertinentibus,
1564 2169 1713 2214 cum
1736 2149 1872 2214 suis
1900 2156 2081 2233 pert„
2104 2155 2170 2214 et
2198 2170 2245 2213 r.
2269 2170 2382 2233 per
2403 2171 2455 2214 a.
2481 2149 2622 2212 xiiii
2644 2170 2690 2214 s.

415 2247 730 2312 Robertus
762 2248 1135 2333 Rycardson
1164 2254 1344 2314 tenet
1372 2268 1577 2313 unum
1617 2254 1746 2312 ten.
1779 2252 1845 2312 et
1889 2269 2095 2311 unum
2139 2247 2432 2312 clausum
2464 2268 2595 2312 voc.
2628 2247 2691 2312 16

415 2348 480 2410 N
481 2368 576 2412 ew
601 2348 815 2427 Intak,
839 2371 986 2415 oum
1006 2350 1306 2415 omnibus
1336 2354 1403 2414 et
1431 2348 1592 2433 sing.
1618 2348 1755 2413 suis
1785 2356 1964 2433 pert„
1988 2354 2054 2413 et
2076 2349 2248 2413 redd.
2273 2369 2388 2431 per
2404 2369 2456 2412 a.
2478 2348 2620 2412 xxii
2638 2369 2685 2412 s.

412 2445 585 2510 iiiid.
676 2446 952 2512 Thomas
985 2449 1323 2533 Chapman
1366 2453 1548 2513 tenet
1589 2468 1796 2512 unum
1839 2452 2072 2511 tenem.
2103 2448 2175 2511 in
2203 2447 2300 2512 lez
2333 2446 2693 2532 SleyghteS,

413 2566 561 2611 011111
589 2555 768 2632 pert,
799 2554 866 2613 et
893 2569 1100 2613 unum
1144 2549 1436 2615 clausum
1466 2567 1600 2613 voc„
1634 2547 1888 2613 Lasand
1935 2546 2138 2624 Close,
2169 2552 2235 2612 et
2277 2547 2688 2613 medietatem

412 2647 698 2730 ejusdem
742 2648 1032 2732 piscariae
1074 2669 1209 2714 voc„
1256 2649 1317 2714 le
1362 2648 1842 2733 Fysh-Hekkes
1887 2652 1953 2712 et
2004 2668 2050 2713 r.
2104 2668 2217 2731 per
2260 2668 2312 2714 a.
2359 2668 2513 2713 xvs.
2560 2646 2689 2712 iid.

415 2747 803 2813 Percivallus
841 2749 1007 2813 Dale
1051 2755 1232 2814 tenet
1276 2770 1480 2814 unum
1526 2755 1782 2826 tenem„
1827 2768 1976 2813 cum
2018 2754 2199 2831 pert„
2227 2746 2296 2811 in
2341 2747 2689 2812 Eskedale-

409 2846 568 2929 syde
612 2847 802 2931 praed.
849 2853 914 2911 et
942 2868 992 2912 r.
1035 2868 1150 2931 per
1192 2869 1245 2912 a.
1293 2869 1382 2911 xx
1402 2868 1450 2912 s.
1539 2848 1859 2911 Robertus
1906 2847 2216 2911 Peresone
2260 2852 2442 2912 tenet
2484 2868 2689 2911 unum

411 2966 562 3010 mes,
611 2946 746 3011 sive
799 2953 1019 3031 ootage
1066 2967 1212 3011 cum
1259 2947 1547 3030 quinque
1595 2945 1911 3010 clausuris
1956 2945 2025 3009 in
2070 2946 2487 3023 Ebornedale‚
2538 2967 2686 3010 oum

413 3051 587 3126 pert„
617 3050 696 3109 et.
728 3065 778 3108 r.
808 3064 924 3128 per
952 3065 1007 3109 a.
1037 3045 1106 3108 vi
1125 3065 1173 3109 s.
1197 3045 1318 3108 viii
1336 3043 1397 3108 d.
1488 3045 1803 3127 Georgius
1834 3044 2112 3108 Newton
2134 3051 2312 3108 tenet
2333 3065 2447 3128 per
2463 3044 2688 3108 inden-

409 3150 620 3207 turam
652 3143 771 3208 sub
802 3143 915 3227 sig.
948 3143 1280 3207 communi
1308 3163 1515 3225 nuper
1545 3143 1706 3206 dicti
1735 3162 1940 3226 nuper
1969 3143 2198 3206 Mon'ii
2226 3164 2340 3227 pro
2370 3149 2549 3207 term.
2575 3164 2687 3206 an-

410 3263 655 3319 norum,
695 3248 768 3306 ut
816 3242 1072 3317 dicitur,
1107 3261 1313 3304 unum
1359 3248 1596 3305 tenem.
1644 3242 1713 3303 in
1758 3239 2235 3324 Eskedalesyde
2286 3241 2498 3324 praed„
2538 3261 2682 3305 cum

409 3348 587 3425 pert„
638 3348 704 3405 et
753 3362 802 3406 r.
851 3341 1004 3405 inde
1051 3361 1181 3424 per.
1235 3360 1290 3405 a.
1344 3360 1479 3402 xxx
1498 3359 1542 3403 s.
1637 3337 1826 3403 Idem
1878 3337 2190 3423 Georgius
2243 3347 2422 3403 tenet
2480 3360 2685 3403 unum

410 3462 680 3524 parvum
732 3440 1025 3505 clausum
1075 3459 1282 3523 nuper
1332 3446 1595 3523 captum
1642 3440 1722 3505 de
1767 3447 1950 3503 vasto
1996 3438 2130 3503 d’m’
2173 3459 2305 3503 voo.
2351 3438 2417 3503 le
2469 3439 2686 3516 Intak,

408 3546 573 3604 cont.
620 3559 735 3622 per
778 3540 1003 3604 aestim.
1036 3559 1238 3603 unam
1266 3558 1498 3615 acram,
1527 3545 1594 3603 et
1624 3560 1671 3603 r.
1707 3537 1859 3602 inde
1890 3558 2004 3621 per
2032 3558 2085 3602 a.
2119 3539 2263 3604 vid.
2294 3596 2299 3601 .
2353 3540 2399 3603 J
2401 3538 2684 3603 ohannes

408 3638 697 3723 Tyndale
740 3645 922 3703 tenet
965 3658 1172 3702 unum
1214 3658 1370 3715 11168,
1414 3658 1560 3702 011111
1610 3638 1881 3702 diversis
1925 3637 2236 3703 clausuris
2284 3638 2492 3703 eidem
2542 3660 2684 3724 per-

407 3738 786 3814 tinentibus,
810 3744 877 3802 et
904 3758 952 3802 r.
978 3737 1130 3801 inde
1161 3757 1275 3821 per
1303 3758 1356 3801 a.
1380 3735 1449 3800 vi
1469 3755 1514 3801 s.
1538 3735 1657 3799 viii
1677 3736 1734 3799 d.
1812 3735 2088 3801 Thomas
2119 3735 2441 3802 Cooken'll
2462 3737 2685 3821 junior

406 3842 587 3902 tenet
644 3856 848 3901 unum
910 3855 1079 3912 mes„
1127 3856 1274 3900 011111
1326 3843 1507 3919 pert„
1551 3842 1618 3899 et
1662 3856 1868 3899 unum
1911 3836 2205 3901 clausum
2252 3857 2387 3902 voc.
2430 3837 2683 3902 Lasand

315 3966 324 3973 -
409 3935 595 4000 Close
626 3941 692 4000 et
719 3956 767 4000 r.
796 3955 912 4018 per
940 3955 994 3999 a,
1026 3955 1116 3998 xv
1132 3955 1179 3999 s.
1212 3934 1329 3997 viii
1348 3934 1406 3998 d.
1494 3934 1869 3999 Willelmus
1901 3935 2236 4020 Chapman
2268 3942 2336 4001 et
2359 3937 2682 4002 Henrious

407 4033 744 4120 Chapman
771 4038 999 4099 tenent
1031 4054 1234 4096 unum
1265 4041 1497 4098 tenem.
1523 4053 1656 4098 voe.
1684 4033 1873 4097 Lesse
1903 4033 2053 4098 Hed
2076 4040 2143 4098 et
2164 4034 2323 4099 duas
2346 4055 2525 4100 acras
2546 4036 2681 4100 t'rae

405 4132 670 4198 inclusae
721 4152 858 4196 voc.
922 4130 984 4195 16
1045 4131 1264 4207 Intak,
1324 4152 1472 4195 cum
1531 4137 1710 4215 pert„
1757 4139 1822 4195 et
1881 4153 1928 4197 r.
1976 4133 2128 4197 inde
2178 4153 2294 4217 per
2350 4155 2404 4199 a,
2472 4134 2613 4198 xxii
2634 4157 2681 4200 s.

404 4230 683 4295 Thomas
728 4228 996 4295 Skelton
1044 4236 1225 4294 tenet
1268 4249 1475 4294 unum
1526 4249 1679 4294 mes.
1727 4250 1862 4295 voc.
1918 4231 2241 4309 Newoete,
2291 4251 2438 4297 oum
2490 4236 2683 4299 certis

405 4331 621 4413 parvis
660 4329 976 4394 clausuris
1016 4328 1228 4393 eidem
1269 4328 1596 4413 mesuagio
1626 4328 2121 4413 pertinentibus,
2151 4350 2299 4394 oum
2330 4337 2508 4414 pert„
2535 4339 2604 4396 et
2632 4353 2680 4396 r.

402 4428 553 4493 inde
593 4448 708 4511 per
747 4448 805 4492 a.
837 4427 905 4490 vi
925 4446 973 4491 s.
1062 4426 1342 4491 Thomas
1374 4426 1745 4492 Cookerelle
1774 4433 1958 4492 tenet
1987 4448 2192 4492 unum
2222 4429 2512 4493 clausum
2543 4451 2677 4495 voc.

401 4525 462 4589 le
509 4526 709 4590 Intak
750 4545 960 4610 nuper
1000 4525 1080 4590 de
1123 4545 1294 4589 novo
1338 4525 1663 4590 inclusum
1702 4533 1770 4590 et
1812 4547 1859 4590 r.
1904 4527 2055 4592 inde
2084 4549 2200 4612 per
2228 4549 2280 4591 a.
2312 4529 2450 4592 iiis.
2482 4530 2602 4593 viii
2620 4531 2678 4593 d.
