3254 5140
820 602 1363 656 CARTULARIUM
1401 603 1807 654 ABBATHIAE
1844 604 1942 654 DE
1978 603 2350 655 WHITEBY.
2597 591 2721 650 529

682 817 1058 881 DLXXXI.
1106 817 1378 900 [CARTAE.
1410 818 1760 894 AN‘rlouAE,
1795 817 1938 881 Roll
1970 819 2153 895 D.D.,
2183 821 2249 883 N
2251 840 2302 883 0.
2340 820 2467 903 26]

541 940 898 1005 Henricus¹
922 943 1061 1006 Rex
1083 941 1297 1025 Angl„
1319 942 1474 1004 Dux
1508 942 1574 1004 N
1576 962 1812 1006 orman.
1840 942 1958 1026 [et]
1990 943 2233 1026 Aquit„
2257 943 2485 1008 Comes
2516 943 2730 1007 Ande-

449 1039 671 1123 gaviae,
722 1040 1096 1124 Archiep'is,
1137 1040 1330 1122 Ep'is,
1372 1041 1552 1116 Abb„
1592 1041 1787 1118 Com„
1834 1043 2083 1117 Baron.,
2112 1043 2156 1107 J
2162 1042 2364 1119 ustio„
2393 1042 2733 1116 Vicecom„

452 1139 793 1216 Ministris,
844 1139 1232 1223 Praepositis,
1285 1146 1350 1204 et
1402 1160 1569 1203 omn.
1623 1140 1789 1204 fidel.
1845 1141 1998 1218 suis,
2044 1142 2306 1206 Francis
2366 1147 2432 1205 et
2481 1141 2734 1225 Anglis,

452 1238 743 1303 salutem.
836 1239 1067 1303 Sciatis
1113 1260 1216 1302 me
1262 1260 1434 1303 conc.
1486 1245 1551 1303 et
1600 1240 1764 1303 conf.
1821 1241 1992 1324 regia
2043 1241 2422 1305 auctoritate
2474 1242 2615 1305 Deo
2668 1246 2734 1304 et

452 1336 623 1401 Eccl.
671 1338 732 1402 S.
779 1337 955 1402 Petri
1000 1345 1065 1401 et
1110 1338 1170 1402 S.
1221 1337 1439 1401 Hildae
1485 1339 1564 1401 de
1608 1338 1874 1415 Witebi,
1904 1346 1970 1403 et
2000 1339 2243 1403 Abbati
2275 1339 2729 1422 monachisque

451 1435 604 1498 ibid.
630 1436 770 1499 Deo
800 1456 978 1512 serv„
1006 1436 1432 1519 omnibusque
1465 1435 1837 1501 hominibus
1866 1436 2077 1501 eidem
2107 1437 2276 1502 Eccl.
2310 1445 2491 1522 pert„
2512 1457 2735 1501 omnes

453 1532 784 1598 libertates
815 1540 881 1598 et
911 1540 1192 1618 consuet.
1219 1555 1380 1618 quas
1411 1534 1601 1599 habet
1635 1535 1806 1599 Eccl.
1833 1536 1894 1601 S.
1918 1536 1963 1600 J
1966 1536 2241 1600 ohannis
2271 1536 2351 1601 de
2383 1537 2735 1612 Beverlaia,

458 1640 522 1695 et
568 1632 734 1696 Eccl.
771 1632 831 1698 S.
863 1633 1151 1696 Wilfridi
1184 1632 1263 1697 de
1294 1633 1530 1716 Ripun,
1562 1634 1633 1696 in
1663 1634 1801 1698 t'ris
1833 1641 1898 1698 et
1927 1635 2297 1699 hominibus
2327 1636 2475 1700 suis.
2567 1636 2736 1699 Con-

457 1730 612 1795 cedo
672 1731 870 1795 etiam
930 1737 995 1795 et
1054 1734 1358 1796 confirmo
1419 1732 1609 1815 praed.
1671 1734 1841 1798 Eccl.
1903 1735 1973 1796 in
2033 1734 2167 1798 ead.
2229 1755 2286 1800 v,
2349 1735 2429 1798 de
2487 1734 2734 1798 Witebi

461 1828 882 1914 burgagium‚²
925 1836 990 1894 et
1036 1830 1258 1894 feriam
1291 1832 1372 1895 ad
1404 1832 1445 1895 f.
1477 1831 1537 1896 S.
1570 1831 1812 1909 Hildae,
1843 1853 1989 1896 cum
2023 1853 2169 1897 soca
2199 1840 2263 1897 et
2293 1854 2454 1909 saca,
2484 1839 2550 1896 et
2579 1833 2737 1898 tolle

459 1936 525 1992 et
569 1936 759 2006 team,
789 1935 854 1994 et
894 1929 1413 2014 infangenethef:
1460 1936 1525 1994 et
1556 1951 1776 1995 omnes
1806 1932 2142 1996 venientes
2173 1933 2254 1996 ad
2286 1933 2478 2015 praed.
2511 1932 2734 1996 feriam

458 2028 739 2092 habeant
769 2049 976 2093 meam
1006 2030 1252 2093 firmam
1288 2049 1509 2112 pacem
1542 2049 1690 2092 cum
1722 2050 1889 2093 omn.
1924 2030 2114 2094 rebus
2146 2031 2281 2095 suis
2310 2031 2629 2095 veniendo
2670 2037 2738 2094 et

458 2127 800 2192 redeundo.
914 2127 1209 2193 Concedo
1270 2129 1468 2192 etiam
1528 2135 1594 2192 et
1649 2129 1954 2192 confirmo
2007 2129 2197 2212 praed.
2244 2129 2411 2193 Eccl.
2469 2129 2736 2194 Portum

457 2227 651 2290 maris
696 2247 846 2291 cum
891 2226 1052 2311 alga,
1080 2247 1196 2310 per
1238 2235 1443 2291 totam
1490 2227 1673 2290 t’ram
1720 2248 1924 2304 suam,
1955 2248 2102 2291 cum
2134 2227 2272 2291 thol
2305 2234 2370 2291 et
2402 2227 2638 2305 theam,
2670 2233 2738 2292 et

459 2346 609 2389 cum
654 2346 822 2390 omn.
869 2326 1077 2390 libert.
1123 2332 1189 2390 et
1234 2332 1517 2390 consuet.
1564 2326 1646 2389 ad
1692 2333 1949 2409 poltum
1995 2326 2191 2390 maris
2243 2326 2735 2410 pertinentibus.

460 2424 775 2489 Praeterea
807 2424 1084 2489 concedo
1116 2431 1182 2488 et
1212 2424 1515 2488 confirmo
1546 2425 1739 2508 praed.
1764 2424 1935 2488 Eccl.
1965 2425 2043 2490 de
2074 2425 2339 2503 Witebi,
2362 2427 2431 2489 in
2456 2426 2739 2489 Eboraco

460 2524 610 2589 eccl.
658 2523 844 2588 Omn.
893 2524 1273 2589 Sanctorum
1322 2524 1400 2588 de
1447 2523 1875 2609 Fischergate,
1907 2544 2051 2589 cum
2099 2533 2259 2610 pert.
2293 2525 2445 2603 suis,
2477 2532 2543 2590 et
2572 2544 2738 2588 omn.

459 2623 609 2687 t'ras
654 2631 721 2686 et
763 2623 1056 2687 homines
1102 2623 1171 2685 in
1218 2623 1353 2688 ead.
1399 2622 1664 2687 civitate
1709 2623 1880 2687 Eecl.
1920 2625 1980 2689 S.
2013 2625 2189 2688 Petri
2221 2632 2287 2689 et
2319 2626 2379 2690 S.
2412 2624 2632 2687 Hildae
2663 2622 2742 2686 de

461 2722 705 2786 Witebi
736 2727 915 2806 pert„
943 2743 1092 2786 cum
1122 2742 1269 2785 soca
1300 2727 1366 2786 et
1396 2742 1542 2786 saca
1572 2729 1638 2786 et
1668 2722 1784 2786 toll
1811 2730 1878 2787 et
1899 2728 2090 2800 team,
2113 2729 2179 2788 et
2201 2723 2743 2808 infangenetheof,

461 2828 527 2885 et
571 2841 719 2885 cum
763 2841 932 2885 omn.
964 2820 1172 2885 libert.
1204 2827 1271 2884 et
1315 2828 1597 2885 consuet.
1631 2842 1792 2905 quas
1823 2822 2064 2886 habent
2094 2823 2229 2887 t‘rae
2261 2831 2327 2888 et
2355 2822 2647 2886 homines
2682 2821 2742 2885 S.

464 2920 640 2984 Petri
670 2927 736 2983 et
767 2920 826 2984 S.
860 2919 1199 2984 Cuthberti
1230 2920 1300 2982 in
1331 2920 1464 2983 ead.
1498 2940 1557 2982 v.
1591 2920 2031 2985 consistentes,
2125 2921 2419 2985 Concedo
2450 2921 2647 2984 etiam
2678 2926 2745 2984 et

462 3019 627 3084 conf.
658 3020 849 3103 praed.
879 3019 1050 3083 Eccl.
1083 3019 1163 3083 de
1192 3019 1458 3095 Witebi,
1494 3026 1559 3084 et
1602 3019 1847 3083 Abbati
1894 3026 1959 3083 et
2002 3020 2334 3084 monachis
2379 3020 2556 3083 illius
2600 3018 2748 3094 loci,

463 3125 539 3182 ut
567 3118 849 3182 habeant
877 3125 943 3182 et
970 3117 1341 3202 possideant
1371 3118 1441 3180 in
1473 3117 1715 3181 d'nium
1742 3138 1930 3181 suum
1953 3138 2173 3182 omnes
2196 3118 2344 3181 t'ras
2369 3125 2434 3181 et
2458 3118 2746 3193 forestas,

463 3238 724 3283 nemora
754 3223 821 3281 et
849 3223 1160 3301 pasturas,
1190 3218 1324 3281 t'ris
1355 3217 1654 3280 Abbatiae
1687 3236 1819 3280 suae
1841 3223 2018 3299 pert„
2047 3218 2142 3280 ita
2170 3217 2388 3293 libere,
2416 3238 2542 3299 qu.,
2565 3217 2746 3293 bene,

464 3324 531 3382 et
559 3317 850 3394 honorif„
873 3322 948 3380 ut
977 3316 1200 3380 nullus
1233 3316 1311 3379 de
1334 3316 1649 3380 ministris
1673 3315 1834 3379 meis
1866 3316 2256 3379 intromittat
2278 3336 2345 3379 se
2370 3315 2449 3379 de
2473 3316 2746 3379 nemori-

467 3417 588 3480 bus
632 3437 751 3480 nec
797 3416 876 3479 de
920 3416 1200 3500 pasturis
1232 3414 1537 3480 Ecclesiae
1569 3415 1627 3479 S.
1662 3414 1839 3478 Petri
1870 3421 1936 3477 et
1968 3414 2029 3478 S.
2063 3414 2283 3477 Hildae
2313 3418 2378 3478 et
2409 3414 2651 3478 Abbati
2682 3420 2749 3478 et

468 3515 799 3580 monachis
850 3521 1029 3598 pert„
1074 3535 1194 3578 nec
1238 3513 1575 3597 prohibeat
1621 3533 1730 3577 eos
1775 3514 1981 3577 facere
2022 3513 2378 3596 proficuum
2425 3533 2614 3576 suum
2667 3513 2747 3576 de

468 3615 833 3679 nemoribus
878 3620 944 3679 et
986 3613 1268 3698 pasturis
1314 3633 1569 3677 eorum:
1614 3618 1680 3677 et
1724 3611 2004 3676 habeant
2047 3612 2245 3676 libere
2290 3611 2653 3676 forestarios
2684 3616 2750 3675 et

471 3714 795 3778 ministros
843 3734 991 3778 suos
1045 3712 1125 3776 ad
1171 3732 1431 3775 nemora
1475 3732 1592 3775 sua
1638 3717 1703 3775 et
1745 3717 2039 3794 pasturas
2084 3730 2233 3775 suas
2279 3710 2749 3775 custodiendas.

469 3814 556 3876 Et
585 3812 890 3897 prohibeo
920 3833 1003 3876 ue
1032 3811 1288 3894 aliquis,
1318 3811 1489 3874 infra
1518 3815 1724 3874 metas
1754 3816 1820 3874 et
1850 3810 2088 3874 divisas
2129 3810 2315 3893 praed.
2350 3809 2651 3872 Ecclesiae
2684 3815 2751 3871 et

469 3913 746 3977 Abbatis
806 3916 872 3975 et
931 3911 1407 3987 monachorum,
1458 3930 1797 3974 commune
1849 3909 2084 3973 habeat
2130 3909 2198 3971 in
2258 3907 2625 3972 nemoribus
2683 3913 2751 3971 et

425 4028 428 4031 ’
471 4011 753 4097 pasturis
783 4031 1020 4088 eorum,
1044 4010 1171 4074 nisi
1200 4030 1316 4094 per
1344 4008 1677 4074 licentiam
1707 4029 1942 4073 eorum.
2034 4009 2226 4073 Cone.
2258 4008 2450 4072 etiam
2485 4013 2552 4072 et
2582 4008 2746 4071 conf.

472 4110 663 4196 praed.
717 4109 887 4175 Eccl.
942 4128 1166 4174 omnes
1218 4107 1597 4172 donationes
1651 4113 1720 4170 et
1768 4106 2100 4170 libertates
2153 4111 2219 4169 et
2272 4110 2555 4169 consuet.
2586 4126 2748 4188 quas

472 4208 846 4273 Willelmus
878 4209 1037 4285 Rex,
1064 4228 1342 4291 proavus
1376 4227 1573 4283 meuS,
1603 4211 1669 4269 et
1698 4204 2070 4269 Willelmus
2102 4205 2261 4281 Rex,
2291 4204 2465 4268 filius
2496 4204 2652 4286 ejus,
2683 4211 2748 4268 et

544 4319 564 4353 ¹
602 4321 688 4372 He
815 4334 877 4371 11.

543 4402 566 4437 ²
602 4337 937 4471 Apgssently
973 4403 1066 4454 the
1102 4401 1220 4455 first
1255 4400 1557 4454 concession
1593 4400 1651 4453 of
1685 4401 1797 4452 this
1833 4399 1992 4468 right.
2067 4399 2123 4451 It
2145 4399 2192 4450 is
2217 4399 2428 4450 defined
2452 4398 2525 4465 by
2550 4398 2750 4450 Stubbs

471 4486 649 4549 (select
688 4487 944 4549 Charta-s,
984 4502 1033 4551 p.
1073 4487 1200 4547 535)
1236 4501 1294 4535 as
1333 4489 1365 4513 “
1386 4489 1574 4536 tenure
1610 4484 1668 4534 of
1702 4483 1827 4534 land
1865 4499 1926 4534 or
1960 4482 2152 4533 houses
2188 4483 2244 4533 in
2269 4499 2300 4533 a
2324 4481 2578 4548 borough,
2605 4482 2751 4546 equi-

474 4569 658 4620 valent
680 4572 739 4619 to
762 4569 875 4619 free
899 4568 1004 4619 and
1030 4583 1268 4618 common
1297 4583 1481 4633 socage
1506 4567 1557 4616 in
1586 4566 1682 4617 the
1706 4565 1984 4631 country.’'
