3254 5140
784 577 1334 631 CARTULARIUM
1374 578 1777 631 ABBATHIAE
1816 579 1911 630 DE
1950 579 2319 634 WHITEBY.
2566 569 2689 627 629

421 742 604 805 Ebor.
638 741 944 818 Ecclesia,
982 763 1194 806 coram
1228 742 1503 808 Officiali
1533 744 1719 808 Ebor.
1754 750 1820 807 et
1850 744 2319 809 Archidiacono
2365 744 2430 806 N
2432 744 2694 827 otingh.,

420 841 889 906 Commissariis
936 843 1170 908 nostris
1222 843 1613 926 specialibus
1661 844 1731 906 in
1776 843 1900 907 hac
1940 849 2126 928 parte
2170 843 2254 907 ad
2296 842 2692 926 probandam

418 940 863 1022 exceptionem
893 942 1285 1024 praedictam,
1314 948 1380 1006 et
1409 943 1492 1006 ad
1522 943 1890 1007 faciendum
1922 949 1988 1007 ct
2032 943 2470 1026 recipiendum
2502 963 2695 1026 super

417 1038 741 1117 exhibitis,
771 1047 838 1105 et
867 1041 1136 1105 ulterius
1166 1041 1238 1104 in
1267 1042 1522 1125 negotio
1553 1041 1725 1125 quod
1749 1043 2010 1125 justitia
2040 1042 2354 1107 suadebit.

827 1240 1173 1306 DXCVII.
1222 1241 1635 1325 (Grenefield,
1667 1240 1798 1318 89b,
1828 1243 2096 1306 inserted
2123 1244 2293 1325 stip.)

507 1376 878 1440 willelmus
928 1379 1080 1442 Div,
1110 1379 1396 1462 permiss.
1442 1379 1627 1442 Ebor.
1661 1378 2041 1462 Archiep’us
2089 1385 2205 1444 etc.
2256 1378 2493 1443 dilecto
2541 1378 2693 1453 filio,

421 1473 662 1538 Abbati
680 1475 761 1539 de
783 1476 1116 1561 Whiteby,
1135 1498 1204 1555 s.,
1225 1499 1312 1562 gr.
1339 1484 1406 1542 et
1425 1477 1959 1543 benedictionem.
2019 1479 2119 1542 De
2138 1480 2333 1542 fratre
2352 1478 2694 1541 Thoma'de

423 1573 776 1652 Wilmerle,
798 1576 1112 1640 monacho
1135 1577 1365 1641 Mon'ii
1409 1576 1489 1641 de
1534 1576 1787 1660 Seleby,
1808 1597 2019 1660 quem,
2050 1599 2131 1642 ex
2161 1578 2353 1642 certis
2384 1577 2594 1641 causis
2623 1576 2694 1638 in

421 1672 810 1738 Visitatione
832 1681 1050 1739 nostra
1072 1676 1150 1740 de
1169 1676 1343 1740 dicto
1361 1676 1605 1741 Mon'io
1630 1675 1708 1740 de
1726 1678 1865 1760 ipso
1890 1678 2249 1761 compertiS,
2272 1677 2355 1741 ad
2376 1677 2694 1741 Mon'ium

422 1778 709 1836 vestrum
736 1794 854 1857 pro
883 1774 1091 1839 salute
1124 1776 1383 1859 [animae
1413 1776 1668 1859 deleted]
1691 1796 1806 1859 per
1826 1782 2077 1840 nostras
2105 1776 2358 1840 litteras
2382 1776 2565 1840 vobis
2594 1775 2695 1838 in·

421 1871 708 1936 sinuatas
736 1873 901 1937 inibi
931 1875 1289 1959 peragenda
1312 1896 1427 1939 nos
1451 1876 1863 1939 meminimus
1883 1875 2253 1951 destinasse,
2276 1896 2406 1939 non
2425 1875 2565 1939 sine
2587 1894 2696 1937 ve-

420 1969 708 2035 hementi
729 1973 1149 2038 admiratione
1167 1974 1530 2057 accepimus
1547 1974 1675 2038 hiis
1695 1974 1919 2038 diebus
1938 1974 2112 2057 quod
2134 1975 2307 2038 idem
2328 1974 2698 2048 monachae,

423 2070 663 2154 absque
683 2076 900 2136 nostra
915 2072 1196 2150 licentia,
1216 2079 1438 2137 contra
1455 2073 1834 2136 mandatum
1855 2079 2146 2136 nostrum
2163 2073 2347 2137 vobis
2366 2094 2559 2156 super
2576 2073 2696 2136 hoc

425 2171 759 2249 directum,
811 2177 926 2236 aut
976 2193 1094 2237 sua
1147 2173 1404 2256 propria
1459 2172 1842 2247 temeritate,
1893 2178 2008 2234 aut
2057 2178 2273 2236 vestra
2330 2171 2697 2235 inconsulta

422 2268 750 2346 facilitate,
781 2271 863 2334 ad
893 2291 1085 2335 suum
1116 2271 1582 2335 Monasterium
1612 2290 1649 2334 e
1681 2269 1812 2352 [not
1836 2271 2084 2354 leyibleJ.
2181 2270 2494 2348 Quocirca
2516 2271 2699 2334 vobis

423 2368 493 2430 in
523 2367 765 2432 virtute
809 2369 1188 2434 obedientiae
1229 2368 1499 2434 firmiter
1539 2367 1937 2452 injungendo
1980 2368 2361 2433 mandamus
2390 2368 2698 2451 quatinus

427 2465 705 2530 eundem
753 2468 1157 2545 monachum,
1186 2488 1381 2551 quem
1411 2474 1722 2551 tanquam
1769 2466 2224 2531 inobedientiae
2253 2467 2573 2551 apostasia
2603 2487 2697 2531 re-

420 2586 711 2649 spersum
757 2566 839 2630 ad
868 2588 982 2631 vos
1025 2567 1414 2632 remittimus
1445 2566 1524 2631 ad
1555 2565 1990 2651 peragendum
2032 2567 2203 2632 inter
2228 2588 2343 2631 vos
2372 2566 2531 2632 alias
2575 2566 2700 2631 sibi

421 2686 536 2749 per
590 2686 708 2731 nos
768 2666 1127 2749 injunctam
1187 2667 1642 2751 poenitentiam
1700 2667 2077 2731 admittatis.
2168 2668 2378 2746 Quem
2436 2667 2700 2751 insuper

421 2764 628 2829 tribus
658 2763 884 2829 diebus
919 2765 990 2828 in
1021 2766 1398 2849 septimana,
1428 2765 1549 2829 viz.
1580 2765 1686 2829 die
1731 2765 1947 2842 Lunae,
1978 2766 2285 2831 Mercurii
2314 2773 2381 2831 et
2410 2766 2699 2841 Veneris,

420 2884 536 2946 pro
563 2863 887 2946 praedictae
929 2865 1385 2929 inobedientiae
1427 2870 1584 2929 nota
1613 2885 1811 2929 unam
1844 2865 2071 2930 diebus
2101 2866 2373 2949 singulis
2403 2887 2443 2930 a
2472 2866 2696 2929 Praesi-

421 2963 614 3027 dente
657 2964 937 3047 recipere
965 2963 1268 3028 volumus
1299 2964 1731 3047 disciplinam.
1819 2964 1906 3027 Et
1935 2964 2396 3029 nichilominus
2426 2964 2489 3027 ei
2516 2970 2700 3048 septa

423 3062 803 3126 Monasterii
832 3062 1199 3145 egrediendi
1228 3063 1368 3128 sine
1391 3069 1605 3127 vestra
1635 3062 1899 3145 speciali
1926 3062 2189 3127 licentia
2217 3083 2469 3126 omnem
2503 3063 2698 3127 inter-

423 3160 700 3225 dicimus
744 3161 1142 3239 facilitatem,
1171 3162 1294 3226 sub
1323 3181 1518 3245 poena
1561 3180 1803 3224 excom.
1837 3161 2117 3243 majoris,
2146 3181 2343 3244 quam
2372 3162 2430 3225 si
2477 3168 2700 3226 contra

424 3260 751 3342 praemissa
779 3261 1032 3325 venerit
1059 3261 1128 3324 in
1159 3261 1368 3344 ipsius
1398 3279 1736 3343 personam
1769 3259 1901 3342 [not
1931 3261 2164 3343 leqible]
2210 3261 2593 3344 proferimus
2628 3262 2699 3323 in

421 3360 549 3424 hiis
578 3360 851 3443 scriptis.
943 3360 1244 3425 Vestram
1288 3367 1524 3435 autem,
1551 3358 1720 3422 D’ne
1763 3358 2002 3434 Abbas,
2031 3359 2465 3423 inconsultam
2494 3359 2697 3423 facili-

421 3463 621 3524 tatem
666 3460 723 3523 si
766 3459 941 3524 dicto
986 3460 1319 3537 monacho,
1363 3458 1549 3524 nobis
1593 3457 2002 3536 inconsultis,
2046 3458 2315 3523 dedistis
2365 3458 2698 3522 licentiam

423 3559 556 3642 [not
586 3559 818 3643 leffle]
843 3560 1037 3642 juxta
1065 3558 1288 3625 delicti
1317 3558 1700 3644 qualitatem
1729 3576 1842 3639 pro
1871 3557 2011 3622 loco
2042 3559 2176 3642 [not
2205 3559 2441 3642 leqible]
2473 3560 2698 3642 punie-

424 3679 581 3723 mus.
669 3658 914 3723 Valete.
1002 3659 1251 3723 Datum
1290 3659 1464 3743 apud
1494 3655 1948 3742 Styvelingflet
1987 3659 2080 3722 xii
2113 3660 2371 3725 Calend.
2404 3659 2699 3725 Octobris

424 3757 658 3822 Pontis.
690 3758 894 3822 nostri
923 3758 1133 3822 Anno,
1181 3808 1195 3823 .
1243 3808 1255 3821 .
1304 3809 1318 3823 .

1021 3944 1406 4010 onvm.
1455 3945 1870 4030 (Grenefield‚
1900 3946 1942 4010 f.
1979 3947 2105 4029 93.)

421 4082 707 4146 ermRA
737 4096 1020 4144 manen
1047 4081 1305 4146 ΑΒΒΑΤῙ
1335 4097 1423 4145 nn
1451 4082 1783 4146 anfflr
1806 4096 1984 4155 Quon
2014 4096 2349 4144 ADMmA'r
2379 4081 2698 4146 Famem-

538 4196 680 4246 cim
708 4196 797 4244 ns·
825 4181 1120 4258 Kanum,
1150 4181 1683 4246 COMMONAGHUM
1712 4198 1799 4245 mi
1827 4180 2177 4257 Wnrraar,
2205 4195 2609 4244 lirosa-Arm.

507 4330 877 4396 Willelmus
928 4338 1049 4396 etc.
1101 4330 1337 4396 dilecto
1388 4332 1541 4409 fflio,
1590 4331 1837 4397 Abbati
1889 4332 1969 4396 de
2018 4330 2348 4414 Whiteby‚
2406 4331 2703 4410 salutem,

420 4429 696 4515 gratiam
726 4436 791 4494 et
821 4430 1352 4495 benedictionem.
1449 4431 1632 4495 Inter
1674 4436 1935 4496 caeteras
1966 4430 2417 4514 occupationes
2447 4431 2702 4515 quibus»,

420 4551 501 4595 ex
546 4528 851 4613 pastorali
896 4529 1354 4608 sollicitudine,
1395 4530 1910 4615 constringimur,
1954 4530 2133 4594 illam
2179 4530 2499 4619 cernimus
2543 4552 2701 4614 prae-

512 4644 658 4694 voL.
690 4645 758 4693 11.
2407 4646 2443 4692 s
